fiscalDateEnding;reportedCurrency;totalAssets;totalCurrentAssets;cashAndCashEquivalentsAtCarryingValue;totalLiabilities;totalCurrentLiabilities;totalShareholderEquity;commonStockSharesOutstanding;symbol;industry;grossProfit;totalRevenue;operatingIncome;sellingGeneralAndAdministrative;researchAndDevelopment;ebit;netIncome;fx_rate;stock_price;year_average;last_price;365 rolling;fiscal_year
2024-12-31;USD;81611000000.0;61092000000.0;6561000000.0;61194000000.0;48376000000.0;20417000000.0;1039000000;PYPL;fintech;14658000000.0;31797000000.0;5325000000.0;2147000000.0;2979000000.0;5711000000.0;4147000000.0;1.0;85.35;69.07;72.26;0.0;2024
2023-12-31;USD;82166000000.0;62569000000.0;9081000000.0;61115000000.0;48466000000.0;21051000000.0;1107000000;PYPL;fintech;13704000000.0;29771000000.0;5028000000.0;2059000000.0;2973000000.0;5758000000.0;4246000000.0;1.0;61.41;66.85;72.26;0.0;2023
2022-12-31;USD;78717000000.0;57517000000.0;7776000000.0;58443000000.0;45101000000.0;20274000000.0;1158000000;PYPL;fintech;13773000000.0;27518000000.0;3837000000.0;2099000000.0;3253000000.0;3670000000.0;2419000000.0;1.0;71.22;97.18;72.26;0.0;2022
2021-12-31;USD;75803000000.0;52574000000.0;5197000000.0;54076000000.0;43029000000.0;21727000000.0;1186000000;PYPL;fintech;13996000000.0;25371000000.0;4262000000.0;2114000000.0;3038000000.0;4331000000.0;4169000000.0;1.0;188.58;254.24;72.26;0.0;2021
2020-12-31;USD;70379000000.0;50995000000.0;4794000000.0;50316000000.0;38447000000.0;20019000000.0;1187000000;PYPL;fintech;11779000000.0;21454000000.0;3289000000.0;2070000000.0;2642000000.0;5274000000.0;4202000000.0;1.0;234.2;161.31;72.26;0.0;2020
2019-12-31;USD;51333000000.0;38495000000.0;7349000000.0;34404000000.0;26919000000.0;16885000000.0;1188000000;PYPL;fintech;9602000000.0;17772000000.0;2719000000.0;1711000000.0;2085000000.0;3113000000.0;2459000000.0;1.0;108.17;105.09;72.26;0.0;2019
2018-12-31;USD;43332000000.0;32963000000.0;7575000000.0;27946000000.0;25904000000.0;15386000000.0;1203000000;PYPL;fintech;8596000000.0;15451000000.0;2194000000.0;1451000000.0;1071000000.0;2453000000.0;2057000000.0;1.0;84.09;82.55;72.26;0.0;2018
2017-12-31;USD;40774000000.0;32645000000.0;2883000000.0;24780000000.0;22863000000.0;15994000000.0;1221000000;PYPL;fintech;7664000000.0;13094000000.0;2127000000.0;1155000000.0;953000000.0;2200000000.0;1795000000.0;1.0;73.62;55.83;72.26;0.0;2017
2016-12-31;USD;33103000000.0;25733000000.0;1590000000.0;18391000000.0;16878000000.0;14712000000.0;1218000000;PYPL;fintech;6408000000.0;10842000000.0;1586000000.0;1028000000.0;834000000.0;1586000000.0;1401000000.0;1.0;39.47;38.22;72.26;0.0;2016
2015-12-31;USD;28881000000.0;20648000000.0;1393000000.0;15122000000.0;13617000000.0;13759000000.0;1229000000;PYPL;fintech;5829000000.0;9248000000.0;1461000000.0;560000000.0;947000000.0;1509000000.0;1228000000.0;1.0;36.2;0.0;72.26;0.0;2015
2024-12-31;USD;36777595000.0;19880201000.0;12258119000.0;15542633000.0;8546798000.0;21267932000.0;636390000;XYZ;fintech;8889036000.0;24121053000.0;892327000.0;2003591000.0;2914415000.0;1037835000.0;2897047000.0;1.0;84.99;72.24;64.82;0.0;2024
2023-12-31;USD;33031308000.0;17818697000.0;8166895000.0;14338472000.0;8883044000.0;18695256000.0;614024000;XYZ;fintech;7504886000.0;21915623000.0;-278839000.0;2209190000.0;2720819000.0;-29143000.0;9772000.0;1.0;77.35;63.96;64.82;0.0;2023
2022-12-31;USD;31364340000.0;15623405000.0;7724526000.0;14112985000.0;8434516000.0;17222879000.0;578949000;XYZ;fintech;5991892000.0;17531587000.0;-577961000.0;1686849000.0;2135612000.0;-529089000.0;-553005000.0;1.0;62.84;86.17;64.82;0.0;2022
2021-12-31;USD;13925764000.0;10520928000.0;4443669000.0;10612175000.0;5435104000.0;3272855000.0;501779000;XYZ;fintech;4419823000.0;17661203000.0;261712000.0;983326000.0;1399079000.0;190586000.0;166284000.0;1.0;161.51;234.83;64.82;0.0;2021
2020-12-31;USD;9869550000.0;7761629000.0;5195890000.0;7187981000.0;4126104000.0;2681569000.0;482167000;XYZ;fintech;2733409000.0;9497578000.0;272910000.0;579203000.0;881826000.0;272910000.0;213105000.0;1.0;217.64;120.65;64.82;0.0;2020
2019-12-31;USD;4551258000.0;3219801000.0;1723410000.0;2836208000.0;1694085000.0;1715050000.0;466076000;XYZ;fintech;1889685000.0;4713500000.0;26557000.0;436250000.0;670606000.0;399729000.0;375446000.0;1.0;62.56;68.49;64.82;0.0;2019
2018-12-31;USD;3281023000.0;2111905000.0;917190000.0;2160522000.0;1018541000.0;1120501000.0;405731000;XYZ;fintech;1303700000.0;3298177000.0;-36614000.0;339245000.0;497479000.0;-18145000.0;-38453000.0;1.0;56.09;62.05;64.82;0.0;2018
2017-12-31;USD;2187270000.0;1778294000.0;696474000.0;1400937000.0;972827000.0;786333000.0;379344000;XYZ;fintech;839306000.0;2214253000.0;-54206000.0;250553000.0;321888000.0;12812000.0;-62813000.0;1.0;34.67;24.8;64.82;0.0;2017
2016-12-31;USD;1211362000.0;1001425000.0;495604000.0;635209000.0;577464000.0;576153000.0;341555000;XYZ;fintech;576038000.0;1708721000.0;-170453000.0;251993000.0;268537000.0;-129553000.0;-171590000.0;1.0;13.63;11.36;64.82;0.0;2016
2015-12-31;USD;894772000.0;705563000.0;470775000.0;386724000.0;334202000.0;508048000.0;170498000;XYZ;fintech;370030000.0;1267118000.0;-174458000.0;143466000.0;199638000.0;-120449000.0;-179817000.0;1.0;13.09;0.0;64.82;0.0;2015
2024-12-31;EUR;50300925712.0;31819971228.0;13184458398.0;31173372816.0;20757610308.0;19127552896.0;393600000;ASML;semiconducteur;15002408240.0;29258319338.0;9340375972.0;1206755954.0;4455276314.0;9340375972.0;7838271752.0;1.04;693.08;865.3;759.86;6.71;2024
2023-12-31;EUR;44129063000.0;26940623160.0;7735990680.0;29272232440.0;17973778680.0;14856830560.0;394100000;ASML;semiconducteur;15611908840.0;30435607400.0;9986316120.0;1229418080.0;4396174640.0;10200459280.0;8657391600.0;1.1;756.92;662.66;759.86;6.49;2023
2022-12-31;EUR;41410258560.0;24050501376.0;7752078048.0;29373062400.0;18944878656.0;12037196160.0;398000000;ASML;semiconducteur;11212425312.0;22582701504.0;7808285760.0;1008859104.0;2433996576.0;6950664864.0;5998546752.0;1.07;546.4;563.58;759.86;6.93;2022
2021-12-31;EUR;34360252290.0;20674799418.0;7901346362.0;22834547736.0;13977783820.0;11525704554.0;410400000;ASML;semiconducteur;11148811310.0;21153076490.0;7672096159.0;824709704.0;2894894730.0;7429206876.0;6686786288.0;1.14;796.14;699.25;759.86;3.96;2021
2020-12-31;EUR;33303857012.0;19456583400.0;7388616172.0;16368934760.0;8065382830.0;16934922252.0;419100000;ASML;semiconducteur;8301964136.0;17073060330.0;4948421070.0;665529962.0;2688013104.0;4948421070.0;4340418106.0;1.22;487.72;348.36;759.86;0.0;2020
2019-12-31;EUR;26950317279.0;13423971751.0;3960732667.0;11390288078.0;5263447389.0;15560029201.0;421600000;ASML;semiconducteur;5494433129.0;13253647800.0;3046208543.0;583631445.0;1864593141.0;3142303096.0;2894161619.0;1.12;295.94;218.36;759.86;0.0;2019
2018-12-31;EUR;24853586940.0;11959611300.0;3578653260.0;10013831100.0;4347792540.0;14839755840.0;426400000;ASML;semiconducteur;5410002780.0;12548390400.0;3305991780.0;559540800.0;1544470200.0;3400012980.0;2888629380.0;1.15;155.62;191.45;759.86;0.0;2018
2017-12-31;EUR;21860791032.0;10820829660.0;2713917420.0;9034617876.0;4014891822.0;12826173156.0;431600000;ASML;semiconducteur;4897665846.0;10875852864.0;2998884756.0;499774080.0;1513378386.0;2888357796.0;2565186576.0;1.2;173.82;146.23;759.86;0.0;2017
2016-12-31;EUR;18001156698.0;8952923028.0;3041256918.0;7726857810.0;3432229332.0;10274298888.0;427967032;ASML;semiconducteur;3185216790.0;7108855656.0;1734318894.0;392081407.2;1156910076.0;1809309851.16;1539931218.0;1.05;112.2;99.44;759.86;0.0;2016
2015-12-31;EUR;14436242800.0;8369220384.0;2669754808.0;5327348208.0;3373922048.0;9108894592.0;433021390;ASML;semiconducteur;3144266888.0;6827110416.0;1699448184.0;375409634.88;1159785704.0;1609106296.0;1506277248.0;1.09;88.77;99.38;759.86;0.0;2015
2014-12-31;EUR;15806209671.49;8380695117.78;2926587280.33;5686864402.79;3492017383.37;10119345268.7;439693000;ASML;semiconducteur;3020793778.3;7083694096.43;1843121229.63;388411444.9;890194131.73;1333952786.26;1715585688.8;1.21;107.83;92.73;759.86;0.0;2014
2013-12-31;EUR;16768643846.5;9420535542.6;3202606625.4;6401341037.0;3937025974.7;10367302809.5;433446000;ASML;semiconducteur;2866345118.0;7207602456.6;1752164377.6;428363308.1;774944306.5;1224794416.3;1640461040.4;1.37;93.7;82.41;759.86;0.0;2013
2012-12-31;EUR;9775931600.0;7693442480.0;2331817920.0;4410877120.0;2752246960.0;5365054480.0;426986000;ASML;semiconducteur;2645259840.0;6241794800.0;1526050560.0;342069879.2;777140720.0;1526050560.0;1512198960.0;1.32;64.39;51.75;759.86;0.0;2012
2011-12-31;EUR;9775509591.6;7198719360.8;3532740482.4;4965057765.6;2887491876.4;4810451826.0;429053000;ASML;semiconducteur;3041272754.4;7307918462.0;2125378079.6;281793452.8;636492348.8;1991886216.4;1932132617.2;1.29;41.79;39.03;759.86;0.0;2011
2010-12-31;EUR;8272465400.0;6618213250.0;2609807300.0;4559600250.0;2885538300.0;3712865150.0;438974000;ASML;semiconducteur;2617035200.0;6033824150.0;1674061950.0;242328732.5;700570900.0;1692454278.5;1367679300.0;1.34;38.34;31.93;759.86;0.0;2010
2009-12-31;EUR;5339266702.8;3937501441.6;1485504797.6;2797089019.6;1495669108.0;2542177683.2;333113550;ASML;semiconducteur;656600700.8;2286200641.2;-236364621.2;224376865.6;668588456.4;-172893544.8;-216184970.0;1.43;34.09;23.51;759.86;0.0;2009
2008-12-31;EUR;5516779806.06;4163778124.74;1553315794.85;2731681286.66;1412097239.8;2785098518.0;334337850;ASML;semiconducteur;1422139190.84;4136370005.54;401982075.63;296661611.1;753875838.99;501733716.33;451451172.23;1.4;18.07;22.85;759.86;0.0;2008
2007-12-31;EUR;5941758517.08;4848597375.03;1857476594.96;3155305557.61;1905872795.38;2786452958.01;373945110;ASML;semiconducteur;2279191612.27;5563331307.09;1205640818.11;329114211.2;710105669.03;1205640818.11;1004731023.04;1.46;31.29;28.52;759.86;0.0;2007
2006-12-31;EUR;5214967254.27;4522024265.69;2185563972.75;2368664709.91;1559345990.5;2846302544.36;388066910;ASML;semiconducteur;1929715777.65;4747814206.49;1149173217.11;270314200.1;510229279.1;1149173217.11;824526859.31;1.32;24.63;21.64;759.86;0.0;2006
2005-12-31;EUR;4644549805.5;3964189672.58;2355164697.6;2527759719.79;1755895147.88;2116790085.71;371639006;ASML;semiconducteur;1204650331.09;3127220473.16;555360416.33;769473787.5;400489951.95;555359371.88;385144480.46;1.24;20.08;17.0;759.86;0.0;2005
2024-12-31;TWD;203769512100.0;94040318400.0;64786242150.0;72116622900.0;38504786250.0;130586195250.0;5186000000;TSM;semiconducteur;49461579300.0;88131678600.0;40256513850.0;2550035250.0;6217341900.0;40256513850.0;35726010600.0;0.03;197.49;160.57;213.9;1.65;2024
2023-12-31;TWD;180023359336.1;71393830891.4;47685019082.62;66677986294.72;29728001102.64;112553049422.58;5185853400;TSM;semiconducteur;38238111940.0;70342889440.0;29984503640.0;1980800912.0;5934319800.0;32257419386.0;27284724920.0;0.03;104.0;93.28;213.9;1.82;2023
2022-12-31;TWD;161305665746.22;66698615212.56;43628029556.67;65119382457.39;30677929284.33;95704272305.55;5185876600;TSM;semiconducteur;43808047452.0;73553828337.0;36430351461.0;1739020752.0;5304388878.0;37552663278.0;32260081266.0;0.03;74.49;91.15;213.9;1.9;2022
2021-12-31;TWD;134378909621.85;57967119755.49;38414196225.44;56080562917.5;26673886123.06;78210095966.71;5186076000;TSM;semiconducteur;29560710411.0;57258059050.0;23444811063.0;1332050672.0;4499184236.0;24110998714.0;21366396344.0;0.04;120.31;118.91;213.9;1.84;2021
2020-12-31;TWD;98143290447.75;38827187699.4;23469066500.85;32353678383.3;21939719756.4;65755315450.8;5186076000;TSM;semiconducteur;25280675055.0;47610508140.0;20149160535.0;1011667680.0;3892227300.0;20861728290.0;18156949200.0;0.04;109.04;69.53;213.9;0.43;2020
2019-12-31;TWD;75599191968.16;27458852449.32;15201229835.68;21453646648.28;19718757699.38;54122669939.12;5186076000;TSM;semiconducteur;16446389422.0;35716112652.0;12440762718.0;725587736.0;3051556206.0;13122111940.0;11814784240.0;0.03;58.1;43.81;213.9;0.32;2019
2018-12-31;TWD;68263581721.08;31081859687.86;18871424868.66;13476549427.72;11122120858.76;54764864938.9;5186076000;TSM;semiconducteur;16260574638.0;33684276388.0;12529143510.0;661884294.0;2805350296.0;13083409838.0;11857301182.0;0.03;36.91;40.57;213.9;0.0;2018
2017-12-31;TWD;66926551204.8;28802024496.0;18593960985.6;15761827200.0;12052544448.0;51141133108.8;5186076000;TSM;semiconducteur;16626167040.0;32842071360.0;12954789120.0;712209120.0;2712612000.0;13422937920.0;11591942880.0;0.03;39.65;35.7;213.9;0.0;2017
2016-12-31;TWD;58234875172.74;25243298119.62;16708505824.71;15323996913.12;9824046357.51;42886093817.07;5186076000;TSM;semiconducteur;14658066927.0;29261957004.0;11667557286.0;611090172.0;2198181699.0;12015462186.0;10240001919.0;0.03;28.75;26.74;213.9;0.0;2016
2015-12-31;TWD;50255954795.36;22641277807.12;17060728357.6;13185677392.08;6434770970.08;37041086520.08;5186076000;TSM;semiconducteur;12443173368.0;25575299000.0;9703849296.0;523238304.0;1987312272.0;10723210728.0;9182439288.0;0.03;22.75;22.71;213.9;0.0;2015
2014-12-31;TWD;47096716117.5;19736853790.5;11291144413.5;14157930087.0;6331965475.5;32934777781.5;5186020800;TSM;semiconducteur;11898243000.0;24029302500.0;9319914450.0;596402100.0;1790107200.0;9617258700.0;8010494100.0;0.03;22.38;20.31;213.9;0.0;2014
2013-12-31;TWD;41238744999.05;11704589253.1;7924006344.55;13558888473.8;6196249545.1;27671144525.75;5185920600;TSM;semiconducteur;9186430120.0;19492157745.0;6858749585.0;616490770.0;1565632800.0;7137560995.0;6006868640.0;0.03;17.44;17.8;213.9;0.0;2013
2012-12-31;TWD;31181879853.25;8237223932.75;4682355698.2;7486021580.9;4650533571.6;23612405362.1;5185587200;TSM;semiconducteur;7970772670.0;16544417795.0;5914942565.0;575717450.0;1318638815.0;5964544445.0;5207048120.0;0.03;17.16;14.83;213.9;0.0;2012
2011-12-31;TWD;25279750356.3;7354751929.4;4684369844.05;4643528416.15;3820268330.55;20556228232.1;5184936400;TSM;semiconducteur;6336359380.0;13941765490.0;4621849110.0;462457865.0;1104546235.0;4759534160.0;4381672445.0;0.03;12.91;12.58;213.9;0.0;2011
2010-12-31;TWD;23473028715.6;8538605700.05;4828509080.75;4578329892.35;4022189839.45;18745831572.7;5184018800;TSM;semiconducteur;6760300040.0;13697912435.0;5197073545.0;418050600.0;969923755.0;5573217870.0;5276403250.0;0.03;12.54;10.4;213.9;0.0;2010
2009-12-31;TWD;19416831583.0;8482592372.2;5592172533.65;3122896490.8;2583701853.2;16164450546.8;5182720600;TSM;semiconducteur;4222578790.0;9655982830.0;3002556035.0;368471575.0;705024510.0;3129636365.0;2912961170.0;0.03;11.44;9.74;213.9;0.0;2009
2008-12-31;TWD;18298348872.3;8270503187.06;6371479307.12;2571393737.81;1859769235.18;15596106318.64;5247135800;TSM;semiconducteur;4628124440.0;10877598905.0;3409815810.0;362303990.0;701351385.0;3659647080.0;3262818980.0;0.03;7.9;9.47;213.9;0.0;2008
2007-12-31;TWD;18639746015.15;8157099327.0;3101506338.6;2618014432.08;1590355879.12;15904405907.99;5405359536;TSM;semiconducteur;4648553371.96;10534956149.79;3647896666.6;88155.0;585569479.43;3648955562.59;3565302779.81;0.03;9.96;10.5;213.9;0.0;2007
2006-12-31;TWD;19178380199.67;8498001813.05;3846740592.35;2557613846.28;1529780761.05;16582997929.28;5332701310;TSM;semiconducteur;5085438512.99;10361314995.4;4154526651.3;111010.0;524502340.36;4153462752.03;4146015457.14;0.03;10.93;9.78;213.9;0.0;2006
2005-12-31;TWD;17012747405.15;6950871130.33;3159619918.02;2399454417.98;1150171341.57;14593369498.11;5232908584;TSM;semiconducteur;3870874304.65;8729395774.58;2979012566.33;143660.0;459007940.46;2979013640.02;3064367043.92;0.03;9.91;8.75;213.9;0.0;2005
2024-10-31;USD;34409000000.0;21220000000.0;8022000000.0;15408000000.0;8468000000.0;19001000000.0;834000000;AMAT;semiconducteur;12897000000.0;27176000000.0;7867000000.0;961000000.0;3233000000.0;7867000000.0;7177000000.0;1.0;181.58;192.74;172.84;1.44;2024
2023-10-31;USD;30729000000.0;19147000000.0;6132000000.0;14380000000.0;7372000000.0;16349000000.0;845000000;AMAT;semiconducteur;12384000000.0;26517000000.0;7654000000.0;852000000.0;3102000000.0;7941000000.0;6856000000.0;1.0;132.35;124.37;172.84;1.16;2023
2022-10-31;USD;26726000000.0;15925000000.0;1995000000.0;14532000000.0;7379000000.0;12194000000.0;877000000;AMAT;semiconducteur;11993000000.0;25785000000.0;7788000000.0;735000000.0;2771000000.0;7814000000.0;6525000000.0;1.0;88.29;118.09;172.84;1.0;2022
2021-10-31;USD;25825000000.0;16107000000.0;4995000000.0;13578000000.0;6344000000.0;12247000000.0;919000000;AMAT;semiconducteur;10914000000.0;23063000000.0;6889000000.0;620000000.0;2485000000.0;6994000000.0;5888000000.0;1.0;136.65;119.4;172.84;0.92;2021
2020-10-31;USD;22353000000.0;13369000000.0;5351000000.0;11775000000.0;4459000000.0;10578000000.0;923000000;AMAT;semiconducteur;7692000000.0;17202000000.0;4365000000.0;567000000.0;2234000000.0;4399000000.0;3619000000.0;1.0;59.23;58.16;172.84;0.44;2020
2019-10-31;USD;19024000000.0;10206000000.0;3129000000.0;10810000000.0;4447000000.0;8214000000.0;945000000;AMAT;semiconducteur;6386000000.0;14608000000.0;3350000000.0;461000000.0;2054000000.0;3503000000.0;2706000000.0;1.0;54.26;42.15;172.84;0.0;2019
2018-10-31;USD;17773000000.0;10747000000.0;3440000000.0;10934000000.0;4068000000.0;6839000000.0;1026000000;AMAT;semiconducteur;7517000000.0;16705000000.0;4491000000.0;481000000.0;2019000000.0;4627000000.0;3038000000.0;1.0;32.88;49.65;172.84;0.0;2018
2017-10-31;USD;19419000000.0;12918000000.0;5010000000.0;10070000000.0;4115000000.0;9349000000.0;1084000000;AMAT;semiconducteur;6612000000.0;14698000000.0;3936000000.0;434000000.0;1774000000.0;4014000000.0;3434000000.0;1.0;56.43;40.6;172.84;0.0;2017
2016-10-31;USD;14588000000.0;8353000000.0;3406000000.0;7371000000.0;3632000000.0;7217000000.0;1116000000;AMAT;semiconducteur;4511000000.0;10825000000.0;2152000000.0;390000000.0;1540000000.0;2150000000.0;1721000000.0;1.0;29.08;22.51;172.84;0.0;2016
2015-10-31;USD;15308000000.0;9261000000.0;4797000000.0;7695000000.0;3798000000.0;7613000000.0;1226000000;AMAT;semiconducteur;3952000000.0;9659000000.0;1693000000.0;469000000.0;1451000000.0;1703000000.0;1377000000.0;1.0;16.77;20.57;172.84;0.0;2015
2014-10-31;USD;13174000000.0;6967000000.0;3002000000.0;5272000000.0;2823000000.0;7902000000.0;1231000000;AMAT;semiconducteur;3843000000.0;9072000000.0;1520000000.0;467000000.0;1428000000.0;1564000000.0;1072000000.0;1.0;22.09;19.82;172.84;0.0;2014
2013-10-31;USD;12043000000.0;5642000000.0;1711000000.0;4955000000.0;2443000000.0;7088000000.0;1219000000;AMAT;semiconducteur;2991000000.0;7509000000.0;432000000.0;465000000.0;1320000000.0;445000000.0;256000000.0;1.0;17.86;14.18;172.84;0.0;2013
2012-10-31;USD;12102000000.0;5102000000.0;1392000000.0;4867000000.0;2265000000.0;7235000000.0;1277000000;AMAT;semiconducteur;3313000000.0;8719000000.0;1094000000.0;514000000.0;1237000000.0;411000000.0;109000000.0;1.0;10.6;11.49;172.84;0.0;2012
2011-10-31;USD;13861000000.0;10355000000.0;5960000000.0;5061000000.0;2794000000.0;8800000000.0;1330000000;AMAT;semiconducteur;4360000000.0;10517000000.0;2398000000.0;469000000.0;1118000000.0;2437000000.0;1926000000.0;1.0;12.32;13.45;172.84;0.0;2011
2010-10-31;USD;10943345000.0;6765315000.0;1857664000.0;3407232000.0;2887876000.0;7536113000.0;1348804000;AMAT;semiconducteur;3715002000.0;9548667000.0;1383708000.0;535820000.0;1143521000.0;1408473000.0;937866000.0;1.0;12.35;12.59;172.84;0.0;2010
2009-10-31;USD;9574243000.0;5688947000.0;1576381000.0;2479635000.0;1939457000.0;7094608000.0;1333091000;AMAT;semiconducteur;1430805000.0;5013607000.0;-393616000.0;406946000.0;934115000.0;-464499000.0;-305327000.0;1.0;12.2;11.34;172.84;0.0;2009
2008-10-31;USD;11006318000.0;6664157000.0;1411624000.0;3457360000.0;2945552000.0;7548958000.0;1374507000;AMAT;semiconducteur;3442828000.0;8129240000.0;1355431000.0;505762000.0;1104122000.0;1429224000.0;960746000.0;1.0;12.91;18.07;172.84;0.0;2008
2007-10-31;USD;10654075000.0;6605624000.0;1202722000.0;2832666000.0;2373423000.0;7821409000.0;1427002000;AMAT;semiconducteur;4492443000.0;9734856000.0;2458927000.0;501185000.0;1142073000.0;2478284000.0;1710196000.0;1.0;19.42;19.45;172.84;0.0;2007
2006-10-31;USD;9480837000.0;6081019000.0;861463000.0;2829437000.0;2436045000.0;6651400000.0;1565072000;AMAT;semiconducteur;4291802000.0;9167014000.0;1447965000.0;468346000.0;1152326000.0;1660078000.0;1516663000.0;1.0;17.39;17.6;172.84;0.0;2006
2005-10-31;USD;11269157000.0;9448683000.0;990342000.0;2340608000.0;1765414000.0;8928549000.0;1657397000;AMAT;semiconducteur;3085874000.0;6991823000.0;1447965000.0;338476000.0;940507000.0;1619237000.0;1209900000.0;1.0;16.36;16.79;172.84;0.0;2005
2024-12-31;USD;1171329000.0;1072883000.0;425172000.0;682342000.0;677621000.0;488887000.0;305136290;DLO;fintech;294673000.0;745974000.0;140500000.0;101225000.0;25625000.0;151520000.0;120416000.0;1.0;11.26;11.6;9.96;0.0;2024
2023-12-31;USD;1084453000.0;1016033000.0;222808000.0;629313000.0;625229000.0;455031000.0;302958428;DLO;fintech;276859000.0;650351000.0;179657000.0;67053000.0;12650000.0;171983000.0;148964000.0;1.0;17.69;15.93;9.96;0.0;2023
2022-12-31;USD;826301000.0;767828000.0;468092000.0;426681000.0;422272000.0;399629000.0;296029870;DLO;fintech;202167000.0;418925000.0;127910000.0;48343000.0;6348000.0;144951000.0;108683000.0;1.0;15.57;25.0;9.96;0.0;2022
2021-12-31;USD;583008000.0;529506000.0;336197000.0;302707000.0;298398000.0;280319000.0;295028441;DLO;fintech;130443000.0;244120000.0;83838000.0;38234000.0;3386000.0;86044000.0;77876000.0;1.0;35.69;0.0;9.96;0.0;2021
2024-12-31;DKK;64419448500.0;22252055100.0;2165086500.0;44575334700.0;30084122400.0;19844113800.0;4463000000;NVO;health;34005342300.0;40162734900.0;17749283700.0;729670800.0;6646974600.0;17817327300.0;13966640400.0;0.14;86.02;123.23;73.77;1.45;2024
2023-12-31;DKK;46418133600.0;20611749600.0;2124259200.0;30689730000.0;25041078000.0;15728403600.0;4494800000;NVO;health;29002809600.0;34281723600.0;15139922400.0;716598000.0;4788586800.0;15338296800.0;12351610800.0;0.15;103.45;142.1;73.77;2.07;2023
2022-12-31;DKK;34569715530.0;15503118260.0;1813048370.0;22607006590.0;17329492600.0;11962708940.0;4544600000;NVO;health;21279424740.0;25355738660.0;10719381610.0;640076430.0;3445694630.0;10003074900.0;7956177250.0;0.14;135.34;109.51;73.77;1.62;2022
2021-12-31;DKK;29728602720.0;13082339800.0;1638444800.0;18915784080.0;15210025440.0;10812818640.0;4606200000;NVO;health;17903983280.0;21519872000.0;8963148960.0;619002000.0;2716272480.0;9096272600.0;7299179880.0;0.15;112.0;88.46;73.77;0.0;2021
2020-12-31;DKK;23723731400.0;10772933300.0;2088320900.0;13357428900.0;11503690100.0;10366302500.0;4680000000;NVO;health;17354491800.0;20781060200.0;8860426200.0;647924600.0;2531129400.0;8723409300.0;6897990600.0;0.16;69.85;64.81;73.77;0.52;2020
2019-12-31;DKK;18791555200.0;9343417600.0;2315060000.0;10175642400.0;8823856800.0;8615912800.0;4757400000;NVO;health;15249176800.0;18254341600.0;7851456800.0;599447200.0;2127312000.0;7723997600.0;5827069600.0;0.15;57.88;51.15;73.77;0.0;2019
2018-12-31;DKK;16958733900.0;9043157700.0;2394177800.0;9022183000.0;8292508400.0;7936550900.0;4848800000;NVO;health;14424163400.0;17121326100.0;7233668800.0;599539600.0;2266645500.0;7312056000.0;5913946800.0;0.15;46.07;48.29;73.77;0.0;2018
2017-12-31;DKK;16520097000.0;9696912000.0;3042712800.0;8479956000.0;7594838400.0;8040141000.0;4956186000;NVO;health;15181929600.0;18027734400.0;7903273800.0;610737600.0;2261859600.0;7880193600.0;6154182000.0;0.16;53.67;42.84;73.77;0.0;2017
2016-12-31;DKK;13723737300.0;8409076200.0;2629683000.0;7354389000.0;6674245200.0;6369348300.0;5070187165;NVO;health;13309797900.0;15727446000.0;6814382400.0;557453400.0;2049014100.0;6742906800.0;5336047500.0;0.14;35.86;48.52;73.77;0.0;2016
2015-12-31;DKK;13310855000.0;7995300000.0;2453835000.0;6500350000.0;5926585000.0;6810505000.0;5156804733;NVO;health;13302155000.0;15649415000.0;7169380000.0;559265000.0;1973160000.0;6747430000.0;5054700000.0;0.14;58.08;53.55;73.77;0.0;2015
2014-12-31;DKK;12484044000.0;7499466000.0;2332152000.0;5956416000.0;5457618000.0;6527628000.0;5260436000;NVO;health;12027528000.0;14386572000.0;5587704000.0;572994000.0;2229444000.0;5587704000.0;4289922000.0;0.16;42.32;47.6;73.77;0.0;2014
2013-12-31;DKK;11739245300.0;7019480200.0;1790503200.0;4634479200.0;4043152500.0;7104766100.0;5387250000;NVO;health;11588200800.0;13948166800.0;5256181700.0;585485200.0;1958237700.0;5287558900.0;4203209600.0;0.17;184.76;170.82;73.77;0.0;2013
2012-12-31;DKK;10960156100.0;6703204700.0;1928195700.0;4178675300.0;3611382200.0;6781480800.0;5516680000;NVO;health;10775230900.0;13022539400.0;4919210600.0;552772800.0;1818709300.0;4610445600.0;3577000800.0;0.17;163.21;147.23;73.77;0.0;2012
2011-12-31;DKK;10798096200.0;6607737900.0;2237795200.0;4548025000.0;3468015100.0;6250071200.0;5701320000;NVO;health;8972043300.0;11073147400.0;3734220600.0;541590500.0;1606913200.0;4158647300.0;2853489300.0;0.17;115.26;115.72;73.77;0.0;2011
2010-12-31;DKK;10247993800.0;6224201700.0;2005637300.0;4078535300.0;3083644400.0;6169458500.0;5854878048;NVO;health;8194122400.0;10143514400.0;3152907900.0;621201800.0;1602573800.0;3071627600.0;2403860700.0;0.17;112.57;85.81;73.77;0.0;2010
2009-12-31;DKK;9136439800.0;5451955400.0;1885302400.0;3172435200.0;2238963500.0;5964004600.0;6042648710;NVO;health;6782816000.0;8524918200.0;2492317700.0;461311600.0;1312501600.0;2426225300.0;1797179200.0;0.17;63.85;56.21;73.77;0.0;2009
2008-12-31;DKK;8466246774.84;4862980721.56;1469518316.08;2948857228.44;2167673433.44;5517389546.4;3113209173;NVO;health;5930747371.64;7621675494.76;2070360252.12;2640847617.84;1314174338.56;2070360252.12;1613256134.36;0.17;51.39;60.19;73.77;0.0;2008
2007-12-31;DKK;7977059603.6;4061079562.8;805729110.4;2598988497.0;1778749434.4;5378071106.6;3178485784;NVO;health;5355025888.4;6991236380.6;1494525076.6;2486322985.8;1427096475.2;1681447402.0;1424535895.4;0.17;64.86;103.58;73.77;0.0;2007
2006-12-31;DKK;7459803457.4;3478097996.32;546046296.06;2431273490.92;1695667081.72;5028529966.48;3229534803;NVO;health;4867262407.54;6467677890.12;1522139415.96;2336021891.78;1054369186.52;1522139415.96;1077003229.88;0.17;83.63;67.17;73.77;0.0;2006
2005-12-31;DKK;6992484305.25;3259511943.68;550266219.03;2387292640.48;1763377023.11;4605191664.77;3294719972;NVO;health;4097010816.23;5626814033.18;1347783989.62;1968543204.2;846968080.91;1347783989.62;977432729.4;0.17;56.28;53.24;73.77;0.0;2005
2024-12-31;USD;26899000000.0;5829000000.0;1702000000.0;20832000000.0;6957000000.0;6067000000.0;183400000;IQV;health;5375000000.0;15405000000.0;2202000000.0;1992000000.0;0.0;2380000000.0;1373000000.0;1.0;196.51;226.7;154.73;0.0;2024
2023-12-31;USD;26681000000.0;5596000000.0;1376000000.0;20569000000.0;6491000000.0;6112000000.0;186300000;IQV;health;5239000000.0;14984000000.0;1977000000.0;2053000000.0;0.0;2131000000.0;1358000000.0;1.0;231.38;209.43;154.73;0.0;2023
2022-12-31;USD;25337000000.0;4981000000.0;1216000000.0;19572000000.0;5578000000.0;5765000000.0;190600000;IQV;health;5028000000.0;14410000000.0;1799000000.0;2071000000.0;0.0;1779000000.0;1091000000.0;1.0;204.89;219.38;154.73;0.0;2022
2021-12-31;USD;24689000000.0;4763000000.0;1366000000.0;18647000000.0;5241000000.0;6042000000.0;195000000;IQV;health;4641000000.0;13874000000.0;1393000000.0;1964000000.0;0.0;1482000000.0;966000000.0;1.0;282.14;232.89;154.73;0.0;2021
2020-12-31;USD;24564000000.0;5090000000.0;1814000000.0;18284000000.0;4558000000.0;6001000000.0;195000000;IQV;health;3859000000.0;11359000000.0;731000000.0;1789000000.0;0.0;776000000.0;279000000.0;1.0;179.17;151.0;154.73;0.0;2020
2019-12-31;USD;23251000000.0;4126000000.0;837000000.0;16988000000.0;3945000000.0;6003000000.0;199600000;IQV;health;3788000000.0;11088000000.0;777000000.0;1734000000.0;0.0;679000000.0;191000000.0;1.0;154.51;144.01;154.73;0.0;2019
2018-12-31;USD;22549000000.0;3874000000.0;891000000.0;15595000000.0;3534000000.0;6714000000.0;208200000;IQV;health;3666000000.0;10412000000.0;741000000.0;1716000000.0;0.0;742000000.0;259000000.0;1.0;116.17;110.49;154.73;0.0;2018
2017-12-31;USD;22742000000.0;3450000000.0;959000000.0;14384000000.0;2904000000.0;8109000000.0;222600000;IQV;health;3438000000.0;9739000000.0;719000000.0;1605000000.0;0.0;640000000.0;1309000000.0;1.0;97.9;89.26;154.73;0.0;2017
2016-12-31;USD;21208000000.0;3337000000.0;1198000000.0;12348000000.0;2705000000.0;8633000000.0;152000000;IQV;health;2128000000.0;6878000000.0;642000000.0;1011000000.0;0.0;617000000.0;115000000.0;1.0;76.05;70.71;154.73;0.0;2016
2015-12-31;USD;3926316000.0;2411985000.0;977151000.0;4261997000.0;1594176000.0;-335681000.0;125630000;IQV;health;1600833000.0;5737619000.0;646612000.0;920985000.0;3337000.0;628454000.0;387205000.0;1.0;68.66;68.72;154.73;0.0;2015
2014-12-31;USD;3305832000.0;2146083000.0;867358000.0;4009844000.0;1471900000.0;-704012000.0;131083000;IQV;health;1481716000.0;5459998000.0;590390000.0;882338000.0;4980000.0;590354000.0;356383000.0;1.0;58.87;53.5;154.73;0.0;2014
2013-12-31;USD;3066797000.0;1945688000.0;778143000.0;3734282000.0;1482247000.0;-667413000.0;127862000;IQV;health;1336914000.0;5099545000.0;462333000.0;860510000.0;4955000.0;434042000.0;226591000.0;1.0;46.34;0.0;154.73;0.0;2013
2024-12-31;USD;16877678000.0;3530493000.0;538785000.0;7354679000.0;2796406000.0;9522999000.0;83032424;ICLR;health;2436357000.0;8281676000.0;1097812000.0;728348000.0;0.0;1075382000.0;791474000.0;1.0;209.71;289.04;146.48;0.0;2024
2023-12-31;USD;16989863000.0;3411470000.0;378102000.0;7749120000.0;2825608000.0;9240743000.0;82717640;ICLR;health;2400227000.0;8120176000.0;956152000.0;768559000.0;0.0;935486000.0;612335000.0;1.0;283.07;236.54;146.48;0.0;2023
2022-12-31;USD;17185278000.0;3229066000.0;288768000.0;8687315000.0;2690601000.0;8497963000.0;82468363;ICLR;health;2214341000.0;7741386000.0;795237000.0;778753000.0;0.0;797582000.0;505304000.0;1.0;194.25;223.0;146.48;0.0;2022
2021-12-31;USD;17387090000.0;2941198000.0;752213000.0;9320263000.0;2478937000.0;8066827000.0;68068311;ICLR;health;1508214000.0;5480826000.0;608471000.0;585330000.0;0.0;379103000.0;153185000.0;1.0;309.7;234.4;146.48;0.0;2021
2020-12-31;USD;3465799000.0;2114080000.0;840305000.0;1585130000.0;1138482000.0;1880669000.0;53283585;ICLR;health;808032000.0;2797288000.0;391967000.0;341690000.0;0.0;394224000.0;327809000.0;1.0;194.98;174.26;146.48;0.0;2020
2019-12-31;USD;2907512000.0;1624980000.0;520309000.0;1289457000.0;1131252000.0;1618055000.0;54333461;ICLR;health;831704000.0;2805839000.0;433406000.0;336748000.0;0.0;440265000.0;373986000.0;1.0;172.23;146.36;146.48;0.0;2019
2018-12-31;USD;2386353000.0;1343954000.0;395851000.0;999974000.0;628174000.0;1386379000.0;54739338;ICLR;health;769490000.0;2595777000.0;377118000.0;319277363.0;0.0;385847000.0;322817000.0;1.0;129.21;130.29;146.48;0.0;2018
2017-12-31;USD;2185874000.0;1112432000.0;282859000.0;955618000.0;580937000.0;1230256000.0;54869497;ICLR;health;726963000.0;1758439000.0;331946000.0;316996667.0;0.0;340684000.0;272944000.0;1.0;112.15;97.96;146.48;0.0;2017
2016-12-31;USD;1825843000.0;957958000.0;192541000.0;880669000.0;272757000.0;945174000.0;56407136;ICLR;health;705154000.0;1666487000.0;311694000.0;318558950.0;0.0;319853000.0;262179000.0;1.0;75.2;72.91;146.48;0.0;2016
2015-12-31;USD;1718903000.0;864433000.0;103911000.0;954708000.0;318697000.0;764195000.0;60290033;ICLR;health;665999000.0;1574978000.0;281536000.0;322272250.0;0.0;281536000.0;239539000.0;1.0;77.7;68.99;146.48;0.0;2015
2014-12-31;USD;1527791000.0;819507000.0;118900000.0;577585000.0;280097000.0;950206000.0;63131417;ICLR;health;600149000.0;1503316000.0;202350000.0;332897100.0;0.0;211146000.0;172468000.0;1.0;50.99;48.26;146.48;0.0;2014
2013-12-31;USD;1442460000.0;853428000.0;182519000.0;531881000.0;297347000.0;910579000.0;62253251;ICLR;health;490645000.0;1336058000.0;121167000.0;308735880.0;0.0;122153000.0;102812000.0;1.0;40.42;35.31;146.48;0.0;2013
2012-12-31;USD;1205173000.0;646912000.0;114047000.0;438732000.0;418931000.0;766441000.0;60684532;ICLR;health;396872000.0;1115006000.0;69569000.0;277101000.0;0.0;68268000.0;58346000.0;1.0;27.76;23.01;146.48;0.0;2012
2011-12-31;USD;1035467000.0;502365000.0;119237000.0;353923000.0;150792000.0;681544000.0;61070686;ICLR;health;333806000.0;945729000.0;29443000.0;255900000.0;0.0;30637000.0;22880000.0;1.0;17.11;20.71;146.48;0.0;2011
2010-12-31;USD;949538000.0;579676000.0;255706000.0;279539000.0;250326000.0;669999000.0;60637103;ICLR;health;358656000.0;900044000.0;92095000.0;232700000.0;0.0;93856000.0;87071000.0;1.0;21.9;24.3;146.48;0.0;2010
2009-12-31;USD;908398000.0;535426000.0;144801000.0;336152000.0;299520000.0;572246000.0;59900504;ICLR;health;379829000.0;887612000.0;107452000.0;230900000.0;0.0;108204000.0;94299000.0;1.0;21.73;21.03;146.48;0.0;2009
2008-12-31;USD;867285000.0;500279000.0;58378000.0;410919000.0;314322000.0;456366000.0;60221587;ICLR;health;376010000.0;865248000.0;99504000.0;248800000.0;0.0;102385000.0;78120000.0;1.0;19.69;54.12;146.48;0.0;2008
2007-12-31;USD;693138000.0;423146000.0;76881000.0;303431000.0;229875000.0;388400000.0;29747964;ICLR;health;276243000.0;630722000.0;69242000.0;188000000.0;0.0;69359000.0;55963000.0;1.0;61.86;47.46;146.48;0.0;2007
2006-12-31;USD;476341000.0;328885000.0;63039000.0;172483000.0;168564000.0;302738000.0;28863334;ICLR;health;199334000.0;455597000.0;47816000.0;136600000.0;0.0;47930000.0;38304000.0;1.0;37.7;52.17;146.48;0.0;2006
2005-12-31;USD;349067000.0;235116000.0;59509000.0;106615000.0;102804000.0;241558000.0;13860203;ICLR;health;134361000.0;296923000.0;34383000.0;68300000.0;0.0;21336000.0;25742000.0;1.0;41.14;37.69;146.48;0.0;2005
2024-12-31;USD;973537000.0;585691000.0;232182000.0;496421000.0;428390000.0;477116000.0;37353000;QLYS;cybersecurity;496089000.0;607571000.0;187196000.0;68738000.0;111852000.0;187196000.0;173680000.0;1.0;140.22;149.7;135.73;0.0;2024
2023-12-31;USD;812618000.0;599998000.0;203665000.0;444444000.0;389208000.0;368174000.0;37602000;QLYS;cybersecurity;446973000.0;554458000.0;163069000.0;61741000.0;110472000.0;163069000.0;151595000.0;1.0;196.28;140.07;135.73;0.0;2023
2022-12-31;USD;700941000.0;473338000.0;173719000.0;411812000.0;352188000.0;289129000.0;39344000;QLYS;cybersecurity;386935000.0;489723000.0;130547000.0;57981000.0;101186000.0;133700000.0;107992000.0;1.0;112.23;131.05;135.73;0.0;2022
2021-12-31;USD;814559000.0;546398000.0;137328000.0;377845000.0;304280000.0;436714000.0;40118000;QLYS;cybersecurity;321733000.0;411172000.0;87683000.0;76274000.0;81289000.0;89397000.0;70960000.0;1.0;137.22;112.82;135.73;0.0;2021
2020-12-31;USD;736819000.0;475345000.0;74132000.0;332337000.0;255730000.0;404482000.0;40823000;QLYS;cybersecurity;283737000.0;362963000.0;96654000.0;46570000.0;72548000.0;102046000.0;91572000.0;1.0;121.87;98.68;135.73;0.0;2020
2019-12-31;USD;675608000.0;395616000.0;87559000.0;288805000.0;223467000.0;386803000.0;41345000;QLYS;cybersecurity;252090000.0;321607000.0;72253000.0;40765000.0;68239000.0;80089000.0;69336000.0;1.0;83.37;83.95;135.73;0.0;2019
2018-12-31;USD;585680000.0;378965000.0;41026000.0;227691000.0;196907000.0;357989000.0;41897000;QLYS;cybersecurity;212704000.0;278889000.0;50361000.0;39049000.0;53255000.0;50361000.0;57304000.0;1.0;74.74;78.6;135.73;0.0;2018
2017-12-31;USD;537525000.0;369350000.0;86591000.0;193981000.0;165774000.0;343544000.0;40071000;QLYS;cybersecurity;179248000.0;230828000.0;37243000.0;35334000.0;42816000.0;37243000.0;40440000.0;1.0;59.35;44.4;135.73;0.0;2017
2016-12-31;USD;407004000.0;300688000.0;86737000.0;148591000.0;130332000.0;258413000.0;38369000;QLYS;cybersecurity;155452000.0;197925000.0;30107000.0;32108000.0;35267000.0;30107000.0;19224000.0;1.0;31.65;30.7;135.73;0.0;2016
2015-12-31;USD;323514000.0;229236000.0;91698000.0;127948000.0;112179000.0;195566000.0;38184000;QLYS;cybersecurity;130399000.0;164284000.0;24806000.0;26573000.0;29451000.0;24806000.0;15865000.0;1.0;33.09;39.08;135.73;0.0;2015
2014-12-31;USD;260024000.0;175259000.0;76504000.0;108197000.0;97161000.0;151827000.0;37170000;QLYS;cybersecurity;104616000.0;133579000.0;9247000.0;21000000.0;26320000.0;8622000.0;30244000.0;1.0;37.75;27.11;135.73;0.0;2014
2013-12-31;USD;192603000.0;130456000.0;42369000.0;89486000.0;79277000.0;103117000.0;35973000;QLYS;cybersecurity;83302000.0;107962000.0;2309000.0;16792000.0;21678000.0;2309000.0;1624000.0;1.0;23.11;16.9;135.73;0.0;2013
2012-12-31;USD;170318000.0;147354000.0;34885000.0;78763000.0;67514000.0;91555000.0;28352000;QLYS;cybersecurity;73016000.0;91420000.0;3004000.0;12079000.0;20195000.0;2830000.0;2280000.0;1.0;14.79;0.0;135.73;0.0;2012
2024-12-31;USD;10368785000.0;2578097000.0;517707000.0;5490428000.0;2091323000.0;4878357000.0;154346000;AKAM;cybersecurity;2370375000.0;3991168000.0;533411000.0;1015357000.0;470876000.0;614130000.0;504918000.0;1.0;95.65;101.63;80.06;0.0;2024
2023-12-31;USD;9900037000.0;1804855000.0;489468000.0;5302882000.0;836038000.0;4597155000.0;155397000;AKAM;cybersecurity;2300857000.0;3811920000.0;637338000.0;968093000.0;406048000.0;670236000.0;547629000.0;1.0;118.35;94.47;80.06;0.0;2023
2022-12-31;USD;8303400000.0;1969562000.0;542337000.0;3943213000.0;818868000.0;4360187000.0;160467000;AKAM;cybersecurity;2232835000.0;3616654000.0;676274000.0;905767000.0;391434000.0;669099000.0;523672000.0;1.0;84.3;98.54;80.06;0.0;2022
2021-12-31;USD;8138673000.0;1920434000.0;536725000.0;3608659000.0;790341000.0;4530014000.0;165804000;AKAM;cybersecurity;2192267000.0;3461223000.0;783148000.0;869853000.0;335372000.0;800553000.0;651642000.0;1.0;117.04;109.82;80.06;0.0;2021
2020-12-31;USD;7764130000.0;1929531000.0;352917000.0;3512834000.0;758170000.0;4251296000.0;165213000;AKAM;cybersecurity;2065477000.0;3198149000.0;658534000.0;456291000.0;269315000.0;685202000.0;557054000.0;1.0;104.99;102.27;80.06;0.0;2020
2019-12-31;USD;7006886000.0;2231613000.0;543745000.0;3348928000.0;693336000.0;3657958000.0;164573000;AKAM;cybersecurity;1905993000.0;2893617000.0;548918000.0;423662000.0;261365000.0;581845000.0;478035000.0;1.0;86.38;79.96;80.06;0.0;2019
2018-12-31;USD;5461770000.0;2535354000.0;1036455000.0;2269910000.0;1210709000.0;3191860000.0;169188000;AKAM;cybersecurity;1760989000.0;2714474000.0;362499000.0;465422000.0;246165000.0;386291000.0;298373000.0;1.0;61.08;71.13;80.06;0.0;2018
2017-12-31;USD;4602844000.0;1308872000.0;313382000.0;1292121000.0;463904000.0;3310723000.0;172710999;AKAM;cybersecurity;1613198000.0;2489035000.0;314289000.0;406455000.0;222434000.0;333031000.0;222766000.0;1.0;65.04;55.47;80.06;0.0;2017
2016-12-31;USD;4373146000.0;1309917000.0;324169000.0;1148776000.0;374588000.0;3224370000.0;176214999;AKAM;cybersecurity;1538882000.0;2347988000.0;466510000.0;371873000.0;167628000.0;485000000.0;320727000.0;1.0;66.68;55.18;80.06;0.0;2016
2015-12-31;USD;4187925000.0;1253188000.0;289473000.0;1067047000.0;332440000.0;3120878000.0;180414999;AKAM;cybersecurity;1471828000.0;2197448000.0;466150000.0;330230000.0;148591000.0;475149000.0;321406000.0;1.0;52.63;68.41;80.06;0.0;2015
2014-12-31;USD;4001546000.0;1262555000.0;238650000.0;1056211000.0;334011000.0;2945335000.0;181185999;AKAM;cybersecurity;1352931000.0;1963874000.0;489519000.0;280652000.0;125286000.0;495239000.0;333948000.0;1.0;62.96;57.84;80.06;0.0;2014
2013-12-31;USD;2957685000.0;1029714000.0;333891000.0;328254000.0;263166000.0;2629431000.0;181782999;AKAM;cybersecurity;1066835000.0;1577922000.0;413968000.0;225899000.0;93879000.0;417664000.0;293487000.0;1.0;47.18;43.59;80.06;0.0;2013
2012-12-31;USD;2600627000.0;728384000.0;201989000.0;254873000.0;202944000.0;2345754000.0;181748999;AKAM;cybersecurity;844047000.0;1373947000.0;314487000.0;185697000.0;74744000.0;321591000.0;203989000.0;1.0;40.91;35.25;80.06;0.0;2012
2011-12-31;USD;2345501000.0;1122020000.0;559197000.0;189251000.0;148392000.0;2156250000.0;187555999;AKAM;cybersecurity;704833000.0;1158538000.0;290649000.0;163055000.0;52333000.0;296115000.0;200904000.0;1.0;32.28;32.07;80.06;0.0;2011
2010-12-31;USD;2352676000.0;858467000.0;231866000.0;175071000.0;145151000.0;2177605000.0;190649999;AKAM;cybersecurity;720186000.0;1023586000.0;254277000.0;167779000.0;54766000.0;264069000.0;171220000.0;1.0;47.05;40.41;80.06;0.0;2010
2009-12-31;USD;2107270000.0;761173000.0;181305000.0;348788000.0;127538000.0;1758482000.0;188657999;AKAM;cybersecurity;609835000.0;859773000.0;223480000.0;146100000.0;43658000.0;240071000.0;145913000.0;1.0;25.34;19.85;80.06;0.0;2009
2008-12-31;USD;1880951000.0;501909000.0;156074000.0;312181000.0;100456000.0;1568770000.0;186684999;AKAM;cybersecurity;568314000.0;790924000.0;212264000.0;136028000.0;39243000.0;237360000.0;145138000.0;1.0;15.09;26.16;80.06;0.0;2008
2007-12-31;USD;1656047000.0;695042000.0;145078000.0;297495000.0;88375000.0;1358552000.0;185093999;AKAM;cybersecurity;468962000.0;636406000.0;144928000.0;268657000.0;44141000.0;144750000.0;100967000.0;1.0;34.6;43.22;80.06;0.0;2007
2006-12-31;USD;1247932000.0;374673000.0;80595000.0;293239000.0;89264000.0;954693000.0;176766999;AKAM;cybersecurity;334572000.0;428672000.0;83106000.0;209880000.0;33102000.0;83106000.0;57401000.0;1.0;53.12;36.82;80.06;0.0;2006
2005-12-31;USD;891499000.0;354998000.0;91792000.0;267285000.0;61876000.0;624214000.0;156943999;AKAM;cybersecurity;227460000.0;283115000.0;73375000.0;130890000.0;18071000.0;73375000.0;327998000.0;1.0;19.93;14.38;80.06;0.0;2005
2024-12-31;USD;5754500000.0;2193400000.0;506200000.0;2965100000.0;1944200000.0;2789400000.0;113400000;CHKP;cybersecurity;2245700000.0;2565000000.0;876000000.0;111900000.0;394900000.0;972100000.0;845700000.0;1.0;186.7;172.16;219.56;0.0;2024
2023-12-31;USD;5724300000.0;2257700000.0;537700000.0;2903300000.0;1916100000.0;2821000000.0;118347749;CHKP;cybersecurity;2132100000.0;2414700000.0;899100000.0;117000000.0;368900000.0;975600000.0;840300000.0;1.0;152.79;131.61;219.56;0.0;2023
2022-12-31;USD;5724800000.0;2331800000.0;196000000.0;2795500000.0;1839200000.0;2929300000.0;126338989;CHKP;cybersecurity;2025500000.0;2329900000.0;884300000.0;116100000.0;349900000.0;884300000.0;796900000.0;1.0;126.16;126.23;219.56;0.0;2022
2021-12-31;USD;5900200000.0;2337900000.0;271900000.0;2643100000.0;1712100000.0;3257100000.0;134100000;CHKP;cybersecurity;1908700000.0;2166800000.0;907500000.0;110700000.0;292700000.0;907500000.0;815600000.0;1.0;116.56;119.17;219.56;0.0;2021
2020-12-31;USD;5839200000.0;2278600000.0;255700000.0;2373000000.0;1543800000.0;3466200000.0;142000000;CHKP;cybersecurity;1838400000.0;2064900000.0;904200000.0;111500000.0;252800000.0;904200000.0;846600000.0;1.0;132.91;114.36;219.56;0.0;2020
2019-12-31;USD;5764900000.0;2134200000.0;279200000.0;2196100000.0;1396700000.0;3568800000.0;152100000;CHKP;cybersecurity;1779400000.0;1994800000.0;881800000.0;105700000.0;239200000.0;881800000.0;825700000.0;1.0;110.96;114.53;219.56;0.0;2019
2018-12-31;USD;5828213000.0;2321907000.0;303627000.0;2055824000.0;1331870000.0;3772389000.0;159400000;CHKP;cybersecurity;1715096000.0;1916475000.0;913774000.0;88945000.0;211523000.0;978840000.0;821305000.0;1.0;102.65;106.25;219.56;0.0;2018
2017-12-31;USD;5462926000.0;1964431000.0;245014000.0;1862803000.0;1206925000.0;3600123000.0;166600000;CHKP;cybersecurity;1641695000.0;1854658000.0;923917000.0;91965000.0;192386000.0;970946000.0;802923000.0;1.0;103.62;106.02;219.56;0.0;2017
2016-12-31;USD;5217636000.0;1892455000.0;187428000.0;1726513000.0;1165858000.0;3491123000.0;173296000;CHKP;cybersecurity;1539298000.0;1741301000.0;852270000.0;88130000.0;178372000.0;852270000.0;724847000.0;1.0;84.46;80.9;219.56;0.0;2016
2015-12-31;USD;5069880000.0;1780752000.0;192312000.0;1538014000.0;1056853000.0;3531866000.0;183619000;CHKP;cybersecurity;1440781000.0;1629838000.0;839717000.0;91981000.0;149279000.0;839717000.0;685866000.0;1.0;81.38;81.99;219.56;0.0;2015
2014-12-31;USD;4948818000.0;1747835000.0;261970000.0;1311259000.0;932835000.0;3637559000.0;192300000;CHKP;cybersecurity;1319275000.0;1495816000.0;801054000.0;78558000.0;133300000.0;801054000.0;659571000.0;1.0;78.57;68.61;219.56;0.0;2014
2013-12-31;USD;4886437000.0;1600318000.0;408432000.0;1284340000.0;986854000.0;3602097000.0;199487000;CHKP;cybersecurity;1231471000.0;1394105000.0;760905000.0;72735000.0;121764000.0;760905000.0;652800000.0;1.0;64.5;53.65;219.56;0.0;2013
2012-12-31;USD;4552393000.0;1924919000.0;574802000.0;1206084000.0;871195000.0;3346309000.0;209170000;CHKP;cybersecurity;1183534000.0;1342695000.0;746535000.0;69743000.0;111911000.0;742553000.0;620000000.0;1.0;47.64;51.76;219.56;0.0;2012
2011-12-31;USD;4128063000.0;1770003000.0;493546000.0;1054972000.0;762470000.0;3073091000.0;213922000;CHKP;cybersecurity;1071303000.0;1246986000.0;642174000.0;65182000.0;110147000.0;683214000.0;543966000.0;1.0;52.54;53.22;219.56;0.0;2011
2010-12-31;USD;3605302000.0;1416934000.0;551777000.0;885971000.0;663262000.0;2719331000.0;212933000;CHKP;cybersecurity;933895000.0;1097868000.0;535014000.0;57244000.0;105748000.0;564393000.0;452826000.0;1.0;46.26;35.77;219.56;0.0;2010
2009-12-31;USD;3069594000.0;1202210000.0;414085000.0;749876000.0;551225000.0;2319718000.0;212208000;CHKP;cybersecurity;791147000.0;924417000.0;415017000.0;56409000.0;89743000.0;424118000.0;357523000.0;1.0;33.88;25.91;219.56;0.0;2009
2008-12-31;USD;2593616000.0;1194530000.0;543190000.0;577751000.0;402554000.0;2015865000.0;216668000;CHKP;cybersecurity;715881000.0;808490000.0;356500000.0;267800000.0;91629000.0;353236000.0;323966000.0;1.0;18.99;22.23;219.56;0.0;2008
2007-12-31;USD;2371467000.0;1065129000.0;509664000.0;514512000.0;390099000.0;1856955000.0;225442000;CHKP;cybersecurity;648576000.0;730877000.0;279576000.0;271000000.0;80982000.0;296576000.0;281064000.0;1.0;21.96;23.41;219.56;0.0;2007
2006-12-31;USD;2080793000.0;1255353000.0;519443000.0;369260000.0;358049000.0;1711533000.0;237629915;CHKP;cybersecurity;538710000.0;575141000.0;274823000.0;200600000.0;62210000.0;275883000.0;278027000.0;1.0;21.92;19.82;219.56;0.0;2006
2005-12-31;USD;2092495000.0;1493978000.0;298531000.0;316774000.0;307859000.0;1775721000.0;251719685;CHKP;cybersecurity;548810000.0;579350000.0;331688000.0;166600000.0;50542000.0;331688000.0;319684000.0;1.0;20.06;22.18;219.56;0.0;2005
2024-12-31;USD;285487000000.0;96571000000.0;25844000000.0;165232000000.0;87960000000.0;117858000000.0;2355455904;TTE;energy;25062000000.0;195610000000.0;10757000000.0;22189000000.0;805000000.0;29082000000.0;15758000000.0;1.0;54.5;66.36;61.56;3.35;2024
2023-12-31;EUR;313267477600.0;109919827600.0;28113606400.0;181343584400.0;98054154000.0;128942013200.0;2433767578;TTE;energy;34515813200.0;241802858000.0;-21425360000.0;24505531600.0;854805600.0;40823041600.0;23616489600.0;1.1;67.38;62.66;61.56;3.05;2023
2022-12-31;EUR;324089187840.0;134092189440.0;35224210560.0;201893408640.0;117084823680.0;119160349440.0;2572182025;TTE;energy;87075024960.0;280835913600.0;48711928320.0;23665899840.0;812718720.0;50385360960.0;21892210560.0;1.07;62.08;53.73;61.56;3.9;2022
2021-12-31;EUR;333541428220.0;126316066240.0;24257103780.0;202834714810.0;108091982180.0;126998020240.0;2647468245;TTE;energy;59620965040.0;209853158060.0;31661987630.0;25219795510.0;936550160.0;27570263630.0;18221810880.0;1.14;49.46;46.55;61.56;3.16;2021
2020-12-31;EUR;325048302160.0;97318337020.0;38190109840.0;195478204860.0;78993972880.0;126659548760.0;2602026749;TTE;energy;24371416520.0;146204071520.0;-5949341980.0;27101200820.0;1093135100.0;-6613772700.0;-8960043680.0;1.22;41.91;39.72;61.56;0.78;2020
2019-12-31;EUR;306441829260.0;95606791850.0;30669524080.0;172666325810.0;78763894760.0;130942003620.0;2618007888;TTE;energy;49669783130.0;197626241210.0;22046803980.0;24880303810.0;1085408720.0;18070709640.0;12633574430.0;1.12;55.3;53.74;61.56;0.0;2019
2018-12-31;EUR;294403309200.0;91497533400.0;31998166200.0;158973796800.0;71357504400.0;132592824000.0;2623716444;TTE;energy;50792086800.0;211095939600.0;17499409200.0;25441907400.0;1130547600.0;18871889400.0;13123983600.0;1.15;52.18;59.58;61.56;0.0;2018
2017-12-31;EUR;291492030780.0;102054828240.0;39867795300.0;154490259720.0;68124252900.0;134021147280.0;2494756413;TTE;energy;40348347300.0;179124556620.0;8432486220.0;26657420820.0;1095658560.0;12429477480.0;10369110780.0;1.2;55.28;52.15;61.56;0.0;2017
2016-12-31;EUR;241653803160.0;75868735740.0;25733873340.0;135385052880.0;57212540700.0;103240989600.0;2389713936;TTE;energy;32458975500.0;133837693500.0;4804242240.0;25140666600.0;1098531000.0;5972869980.0;6482379120.0;1.05;50.97;47.0;61.56;0.0;2016
2015-12-31;EUR;243753706560.0;76265058240.0;25266410960.0;140154798000.0;55350694000.0;100433684960.0;2304435542;TTE;energy;31521935200.0;155732258640.0;2007718160.0;24231605440.0;1159677120.0;8041731040.0;5523668080.0;1.09;44.95;49.65;61.56;0.0;2015
2014-12-31;EUR;277961362820.0;94320199430.0;30458685790.0;164827200530.0;64922324070.0;109262264700.0;2281004151;TTE;energy;47334885470.0;256454852620.0;10011776430.0;32327502340.0;1505939550.0;16464939080.0;5133499960.0;1.21;51.2;63.52;61.56;0.0;2014
2013-12-31;EUR;329191614101.46;116403259824.48;27792044380.19;187053152669.04;85000355850.41;137810363306.75;2271543658;TTE;energy;78349771052.13;325707884089.11;33268103647.97;36693158538.67;1731366000.0;36614526693.08;16014532297.58;1.37;61.27;53.63;61.56;0.0;2013
2012-12-31;EUR;299781544158.45;117793565212.03;26987997989.02;170340692463.64;85521020974.27;127205954451.63;2266635745;TTE;energy;80212049620.12;318048034490.64;36998802338.18;35197343230.99;1364052800.0;40962228913.46;18657292034.57;1.32;52.01;49.48;61.56;0.0;2012
2011-12-31;EUR;274963601581.02;106705970578.25;23507394205.39;158660244960.93;78277527574.05;114037260578.3;2256951403;TTE;energy;88260418118.76;279155544033.61;38344289287.72;34474431104.27;1301870906.0;45955489079.67;20575883870.11;1.29;51.11;54.05;61.56;0.0;2011
2010-12-31;EUR;255840594492.66;101355015294.0;25792693842.19;146768598882.61;72003787737.01;107546401116.05;2244494576;TTE;energy;84210323847.17;250069325708.16;32512786274.14;35651815274.54;1269880459.0;38273374119.11;18818038967.09;1.34;53.48;53.33;61.56;0.0;2010
2009-12-31;EUR;262183215656.46;102114629490.68;23933533152.39;152306913862.44;70614389362.6;107850714653.03;2237292199;TTE;energy;84337896153.68;230167856609.58;30106751102.2;38120547714.57;1334395192.0;33081531225.4;17335496015.94;1.43;64.04;55.63;61.56;0.0;2009
2008-12-31;EUR;230101206949.18;91523139181.22;23963122058.32;132953414816.84;66762607816.95;95284577219.25;2246658542;TTE;energy;95897220954.12;311827881086.87;44991388896.07;37149549099.01;1190109855.3;50232896400.04;20596498872.33;1.4;55.3;70.41;61.56;0.0;2008
2007-12-31;EUR;241808553600.0;102732612800.0;12752249600.0;144480771200.0;75949096800.0;95533950400.0;2274384984;TTE;energy;102524061600.0;291394153600.0;53504320800.0;37087112000.0;1265042411.2;60731952129.86;28071283200.0;1.46;82.6;75.37;61.56;0.0;2007
2006-12-31;EUR;183298472700.0;74534753000.0;4342471000.0;111618663400.0;58395015800.0;70239798400.0;2312304652;TTE;energy;84872209800.0;231144847700.0;42034855300.0;34032301600.0;991124789.1;41672784852.66;20499366900.0;1.32;71.92;92.59;61.56;0.0;2006
2005-12-31;EUR;158445767300.0;65312636600.0;6445243000.0;96522243800.0;49899550600.0;60672313900.0;2360192308;TTE;energy;74648779200.0;213713410700.0;35896598000.0;32521359200.0;1009694614.7;37773434105.71;18320382500.0;1.26;126.4;120.72;61.56;0.0;2005
2024-12-31;USD;190144000000.0;11951000000.0;1487000000.0;129283000000.0;25355000000.0;50101000000.0;2059000000;NEE;energy;14867000000.0;24753000000.0;7479000000.0;5983000000.0;0.0;8272000000.0;6946000000.0;1.0;71.69;71.48;70.99;2.06;2024
2023-12-31;USD;177489000000.0;15361000000.0;2690000000.0;118465000000.0;27963000000.0;47468000000.0;2030800000;NEE;energy;17976000000.0;28114000000.0;10237000000.0;5983000000.0;0.0;10612000000.0;7310000000.0;1.0;60.74;69.8;70.99;1.87;2023
2022-12-31;USD;158935000000.0;13490000000.0;1601000000.0;109499000000.0;26695000000.0;39229000000.0;1978600000;NEE;energy;10139000000.0;20956000000.0;4081000000.0;5983000000.0;0.0;4081000000.0;4147000000.0;1.0;83.6;80.53;70.99;1.7;2022
2021-12-31;USD;140912000000.0;9288000000.0;639000000.0;95488000000.0;17437000000.0;37202000000.0;1972200000;NEE;energy;8589000000.0;17069000000.0;3889000000.0;5677000000.0;0.0;3889000000.0;3573000000.0;1.0;93.36;80.08;70.99;0.38;2021
2020-12-31;USD;127684000000.0;7382000000.0;1105000000.0;82755000000.0;15558000000.0;36513000000.0;1968800000;NEE;energy;10707000000.0;17997000000.0;3704000000.0;5107000000.0;0.0;3912000000.0;2919000000.0;1.0;77.15;225.99;70.99;1.75;2020
2019-12-31;USD;117691000000.0;7408000000.0;600000000.0;76331000000.0;13853000000.0;37005000000.0;1942000000;NEE;energy;11201000000.0;19204000000.0;5353000000.0;4931000000.0;0.0;5343000000.0;3769000000.0;1.0;242.16;207.74;70.99;0.0;2019
2018-12-31;USD;103702000000.0;6393000000.0;638000000.0;66289000000.0;17563000000.0;34144000000.0;1912000000;NEE;energy;9665000000.0;16727000000.0;4280000000.0;4758000000.0;0.0;8568000000.0;6638000000.0;1.0;173.82;165.45;70.99;0.0;2018
2017-12-31;USD;97827000000.0;7157000000.0;1714000000.0;68329000000.0;11232000000.0;28208000000.0;1892000000;NEE;energy;9797000000.0;17195000000.0;5326000000.0;344000000.0;0.0;5927000000.0;5378000000.0;1.0;156.19;140.85;70.99;0.0;2017
2016-12-31;USD;89993000000.0;7409000000.0;1292000000.0;64662000000.0;10919000000.0;24341000000.0;1864000000;NEE;energy;8724000000.0;16155000000.0;4608000000.0;1350000000.0;0.0;5639000000.0;2912000000.0;1.0;119.46;119.43;70.99;0.0;2016
2015-12-31;USD;82479000000.0;6795000000.0;571000000.0;59367000000.0;10107000000.0;22574000000.0;1844000000;NEE;energy;8890000000.0;17486000000.0;4632000000.0;1399000000.0;0.0;5114000000.0;2752000000.0;1.0;103.89;102.49;70.99;0.0;2015
2014-12-31;USD;74929000000.0;6944000000.0;577000000.0;54761000000.0;9663000000.0;19916000000.0;1760714286;NEE;energy;8270000000.0;17021000000.0;4384000000.0;1324000000.0;0.0;4678000000.0;2465000000.0;1.0;106.29;96.46;70.99;0.0;2014
2013-12-31;USD;69306000000.0;5842000000.0;438000000.0;51266000000.0;9189000000.0;18040000000.0;1740000000;NEE;energy;6984000000.0;15136000000.0;3241000000.0;1280000000.0;0.0;3577000000.0;1908000000.0;1.0;85.62;79.86;70.99;0.0;2013
2012-12-31;USD;64439000000.0;5237000000.0;329000000.0;48370000000.0;8729000000.0;16069000000.0;1696000000;NEE;energy;5980000000.0;14256000000.0;3276000000.0;0.0;0.0;3582000000.0;1911000000.0;1.0;69.19;65.81;70.99;0.0;2012
2011-12-31;USD;57019000000.0;4872000000.0;377000000.0;42076000000.0;6719000000.0;14943000000.0;1676000000;NEE;energy;9085000000.0;15341000000.0;3378000000.0;0.0;0.0;3407000000.0;1923000000.0;1.0;60.88;55.55;70.99;0.0;2011
2010-12-31;USD;52994000000.0;5258000000.0;302000000.0;38533000000.0;6904000000.0;14461000000.0;1652000000;NEE;energy;9075000000.0;15317000000.0;3243000000.0;0.0;0.0;3399000000.0;1957000000.0;1.0;51.99;51.29;70.99;0.0;2010
2009-12-31;USD;48440000000.0;4331000000.0;238000000.0;35468000000.0;6424000000.0;12972000000.0;1628000000;NEE;energy;8241000000.0;15646000000.0;2594000000.0;0.0;0.0;2808000000.0;1615000000.0;1.0;52.82;53.11;70.99;0.0;2009
2008-12-31;USD;44821000000.0;5392000000.0;535000000.0;33140000000.0;7689000000.0;11681000000.0;1610800000;NEE;energy;7998000000.0;16410000000.0;2825000000.0;0.0;0.0;2902000000.0;1639000000.0;1.0;50.33;58.98;70.99;0.0;2008
2007-12-31;USD;40123000000.0;3779000000.0;290000000.0;29388000000.0;5758000000.0;10735000000.0;1602400000;NEE;energy;7071000000.0;15263000000.0;2283000000.0;0.0;0.0;2283000000.0;1312000000.0;1.0;67.78;61.53;70.99;0.0;2007
2006-12-31;USD;35991000000.0;4999000000.0;620000000.0;26061000000.0;6493000000.0;9930000000.0;1586000000;NEE;energy;6767000000.0;15710000000.0;2097000000.0;0.0;0.0;2097000000.0;1281000000.0;1.0;54.42;44.01;70.99;0.0;2006
2005-12-31;USD;33004000000.0;4987000000.0;530000000.0;24505000000.0;7267000000.0;8499000000.0;1542800000;NEE;energy;5675000000.0;11846000000.0;1464000000.0;0.0;0.0;1490000000.0;885000000.0;1.0;41.56;49.38;70.99;0.0;2005
2024-12-31;USD;387609000000.0;127926000000.0;39110000000.0;207441000000.0;95034000000.0;178307000000.0;3181850000;SHEL;energy;36299000000.0;284312000000.0;29992000000.0;12439000000.0;1099000000.0;34161000000.0;16093000000.0;1.0;62.65;68.0;70.99;2.06;2024
2023-12-31;USD;406270000000.0;134115000000.0;38774000000.0;217908000000.0;95467000000.0;186607000000.0;3399900000;SHEL;energy;36582000000.0;316620000000.0;30737000000.0;13433000000.0;1287000000.0;37255000000.0;19359000000.0;1.0;65.8;61.69;70.99;2.47;2023
2022-12-31;USD;443024000000.0;165938000000.0;40246000000.0;250427000000.0;121311000000.0;190472000000.0;3705250000;SHEL;energy;78779000000.0;381314000000.0;63109000000.0;12883000000.0;1075000000.0;68067000000.0;42309000000.0;1.0;56.95;53.61;70.99;1.98;2022
2021-12-31;USD;404379000000.0;128765000000.0;36970000000.0;229053000000.0;95547000000.0;171966000000.0;3903400000;SHEL;energy;35848000000.0;261504000000.0;22283000000.0;11328000000.0;815000000.0;33435000000.0;20101000000.0;1.0;43.35;40.06;70.99;0.0;2021
2020-12-31;USD;379268000000.0;91954000000.0;31830000000.0;220731000000.0;73708000000.0;155310000000.0;3897800000;SHEL;energy;-12995000000.0;180543000000.0;-25530000000.0;9881000000.0;907000000.0;-23205000000.0;-21680000000.0;1.0;33.61;34.51;70.99;0.32;2020
2019-12-31;USD;404336000000.0;92689000000.0;18055000000.0;213873000000.0;79624000000.0;186476000000.0;4056250000;SHEL;energy;32504000000.0;344877000000.0;22946000000.0;10493000000.0;962000000.0;26450000000.0;15843000000.0;1.0;59.97;61.66;70.99;0.0;2019
2018-12-31;USD;399194000000.0;97482000000.0;26741000000.0;196660000000.0;77813000000.0;198646000000.0;4174350000;SHEL;energy;44875000000.0;388379000000.0;31189000000.0;11360000000.0;986000000.0;39197000000.0;23352000000.0;1.0;59.94;68.02;70.99;0.0;2018
2017-12-31;USD;407097000000.0;95404000000.0;20312000000.0;209285000000.0;79767000000.0;194356000000.0;4149500000;SHEL;energy;28857000000.0;305179000000.0;15481000000.0;10509000000.0;922000000.0;22059000000.0;12977000000.0;1.0;68.29;58.67;70.99;0.0;2017
2016-12-31;USD;411275000000.0;86569000000.0;19130000000.0;222764000000.0;73825000000.0;186646000000.0;3945850000;SHEL;energy;17590000000.0;233591000000.0;2367000000.0;12101000000.0;1014000000.0;9107000000.0;4575000000.0;1.0;57.97;51.16;70.99;0.0;2016
2015-12-31;USD;340157000000.0;93358000000.0;31752000000.0;176036000000.0;70948000000.0;162876000000.0;3196900000;SHEL;energy;15507000000.0;264960000000.0;-3261000000.0;11956000000.0;1093000000.0;3972000000.0;1939000000.0;1.0;46.04;58.09;70.99;0.0;2015
2014-12-31;USD;353116000000.0;99778000000.0;21607000000.0;180330000000.0;86212000000.0;171966000000.0;3155800000;SHEL;energy;39570000000.0;421105000000.0;19879000000.0;13965000000.0;1222000000.0;30113000000.0;15052000000.0;1.0;69.56;78.86;70.99;0.0;2014
2013-12-31;USD;357512000000.0;103343000000.0;9696000000.0;176364000000.0;93258000000.0;180047000000.0;3146700000;SHEL;energy;48141000000.0;451235000000.0;26870000000.0;14675000000.0;1318000000.0;39605000000.0;16371000000.0;1.0;75.11;69.11;70.99;0.0;2013
2012-12-31;USD;350294000000.0;114734000000.0;18550000000.0;174112000000.0;96979000000.0;174749000000.0;3133900000;SHEL;energy;56533000000.0;467153000000.0;37499000000.0;14616000000.0;1314000000.0;52059000000.0;26592000000.0;1.0;70.89;71.06;70.99;0.0;2012
2011-12-31;USD;345257000000.0;119777000000.0;11292000000.0;174254000000.0;102659000000.0;169517000000.0;3110850000;SHEL;energy;60441000000.0;470171000000.0;42715000000.0;14335000000.0;1125000000.0;57005000000.0;30918000000.0;1.0;76.01;70.17;70.99;0.0;2011
2010-12-31;USD;322560000000.0;112894000000.0;13444000000.0;172780000000.0;100552000000.0;148013000000.0;3069650000;SHEL;energy;70518000000.0;368056000000.0;36340000000.0;15528000000.0;1019000000.0;36353000000.0;20127000000.0;1.0;66.67;56.77;70.99;0.0;2010
2009-12-31;USD;292181000000.0;96457000000.0;9719000000.0;154046000000.0;84789000000.0;136431000000.0;3064100000;SHEL;energy;56753000000.0;285129000000.0;19597000000.0;17430000000.0;1125000000.0;21562000000.0;12518000000.0;1.0;58.13;51.91;70.99;0.0;2009
2008-12-31;USD;282401000000.0;116570000000.0;15188000000.0;153535000000.0;105529000000.0;127285000000.0;3085750000;SHEL;energy;80655000000.0;465807000000.0;46868000000.0;17028000000.0;3225000000.0;52001000000.0;26277000000.0;1.0;51.43;66.7;70.99;0.0;2008
2007-12-31;USD;269470000000.0;115397000000.0;9656000000.0;143502000000.0;94384000000.0;123960000000.0;3141900000;SHEL;energy;58004000000.0;355782000000.0;40752000000.0;16621000000.0;1712000000.0;41371000000.0;31331000000.0;1.0;83.0;75.87;70.99;0.0;2007
2006-12-31;USD;235276000000.0;91885000000.0;9002000000.0;120331000000.0;76748000000.0;105726000000.0;3220000000;SHEL;energy;55856000000.0;318845000000.0;37678000000.0;16616000000.0;1562000000.0;37885000000.0;25442000000.0;1.0;71.15;69.27;70.99;0.0;2006
2005-12-31;USD;219516000000.0;97892000000.0;11730000000.0;121592000000.0;84964000000.0;90924000000.0;3366250000;SHEL;energy;54109000000.0;306731000000.0;37341000000.0;16768000000.0;588000000.0;37341000000.0;25311000000.0;1.0;64.53;59.63;70.99;0.0;2005
2024-12-31;USD;453475000000.0;91990000000.0;23187000000.0;182869000000.0;70307000000.0;270606000000.0;4298000000;XOM;energy;76742000000.0;339247000000.0;39652000000.0;9976000000.0;987000000.0;49869000000.0;33680000000.0;1.0;107.57;113.43;109.99;0.0;2024
2023-12-31;USD;376317000000.0;96609000000.0;31568000000.0;163779000000.0;65316000000.0;204802000000.0;4052000000;XOM;energy;84142000000.0;334697000000.0;44461000000.0;9919000000.0;879000000.0;53632000000.0;36010000000.0;1.0;99.98;108.61;109.99;0.0;2023
2022-12-31;USD;369067000000.0;97631000000.0;29640000000.0;166594000000.0;69045000000.0;195049000000.0;4205000000;XOM;energy;103067000000.0;398675000000.0;64028000000.0;10095000000.0;824000000.0;78551000000.0;55740000000.0;1.0;110.3;91.56;109.99;0.0;2022
2021-12-31;USD;338923000000.0;59154000000.0;6802000000.0;163240000000.0;56643000000.0;168577000000.0;4275000000;XOM;energy;64886000000.0;276692000000.0;24019000000.0;9574000000.0;843000000.0;32181000000.0;23040000000.0;1.0;61.19;57.78;109.99;0.0;2021
2020-12-31;USD;332750000000.0;44893000000.0;4364000000.0;168620000000.0;56363000000.0;157150000000.0;4271000000;XOM;energy;8127000000.0;178574000000.0;-29448000000.0;10168000000.0;1016000000.0;-27725000000.0;-22440000000.0;1.0;41.22;44.63;109.99;0.0;2020
2019-12-31;USD;362597000000.0;50052000000.0;3089000000.0;163659000000.0;63989000000.0;191650000000.0;4270000000;XOM;energy;55958000000.0;255583000000.0;12766000000.0;11398000000.0;1214000000.0;20886000000.0;14340000000.0;1.0;69.78;73.72;109.99;0.0;2019
2018-12-31;USD;346196000000.0;47973000000.0;3042000000.0;147668000000.0;57138000000.0;191794000000.0;4237000000;XOM;energy;67733000000.0;279332000000.0;22124000000.0;11480000000.0;1116000000.0;31719000000.0;20840000000.0;1.0;68.19;79.87;109.99;0.0;2018
2017-12-31;USD;348691000000.0;47134000000.0;3177000000.0;154191000000.0;57771000000.0;187688000000.0;4256000000;XOM;energy;56362000000.0;237162000000.0;13819000000.0;10649000000.0;1063000000.0;19275000000.0;19710000000.0;1.0;83.64;81.89;109.99;0.0;2017
2016-12-31;USD;330314000000.0;41416000000.0;3657000000.0;156484000000.0;47638000000.0;167325000000.0;4170212766;XOM;energy;43701000000.0;200628000000.0;2771000000.0;10443000000.0;1058000000.0;8422000000.0;7840000000.0;1.0;90.26;86.19;109.99;0.0;2016
2015-12-31;USD;336758000000.0;42623000000.0;3705000000.0;159948000000.0;53976000000.0;170811000000.0;4194805195;XOM;energy;56216000000.0;239854000000.0;12883000000.0;11501000000.0;1008000000.0;22277000000.0;16150000000.0;1.0;77.95;82.9;109.99;0.0;2015
2014-12-31;USD;349493000000.0;52910000000.0;4616000000.0;168429000000.0;64633000000.0;174399000000.0;4278947368;XOM;energy;80635000000.0;394105000000.0;34082000000.0;12598000000.0;971000000.0;51916000000.0;32520000000.0;1.0;92.45;97.31;109.99;0.0;2014
2013-12-31;USD;346808000000.0;59308000000.0;4644000000.0;166313000000.0;71724000000.0;174003000000.0;4420624152;XOM;energy;88384000000.0;420836000000.0;40301000000.0;12877000000.0;1044000000.0;57720000000.0;32580000000.0;1.0;101.2;90.55;109.99;0.0;2013
2012-12-31;USD;333795000000.0;64460000000.0;9582000000.0;162135000000.0;64139000000.0;165863000000.0;4628000000;XOM;energy;101156000000.0;451509000000.0;49881000000.0;13877000000.0;1042000000.0;79053000000.0;44880000000.0;1.0;86.55;86.53;109.99;0.0;2012
2011-12-31;USD;331052000000.0;72963000000.0;12664000000.0;170308000000.0;77505000000.0;154396000000.0;4875000000;XOM;energy;111141000000.0;467029000000.0;54104000000.0;14983000000.0;1044000000.0;73504000000.0;41060000000.0;1.0;84.76;79.7;109.99;0.0;2011
2010-12-31;USD;302510000000.0;58984000000.0;7825000000.0;149831000000.0;62633000000.0;146839000000.0;4897000000;XOM;energy;93067000000.0;370125000000.0;40122000000.0;14683000000.0;1012000000.0;53218000000.0;30460000000.0;1.0;73.12;64.96;109.99;0.0;2010
2009-12-31;USD;233323000000.0;55235000000.0;10693000000.0;117931000000.0;52061000000.0;110569000000.0;4844221106;XOM;energy;91674000000.0;303443000000.0;28182000000.0;14735000000.0;1050000000.0;35325000000.0;19280000000.0;1.0;68.19;71.0;109.99;0.0;2009
2008-12-31;USD;228052000000.0;72266000000.0;31437000000.0;110529000000.0;49100000000.0;112965000000.0;5203682394;XOM;energy;178919000000.0;466278000000.0;72989000000.0;15873000000.0;847000000.0;84070000000.0;45220000000.0;1.0;79.83;82.65;109.99;0.0;2008
2007-12-31;USD;242082000000.0;85963000000.0;33981000000.0;116038000000.0;58312000000.0;121762000000.0;5578296703;XOM;energy;164268000000.0;395651000000.0;62978000000.0;14890000000.0;814000000.0;71879000000.0;40610000000.0;1.0;93.69;83.19;109.99;0.0;2007
2006-12-31;USD;219015000000.0;75777000000.0;28244000000.0;105171000000.0;48817000000.0;113844000000.0;5966767372;XOM;energy;164380000000.0;377635000000.0;99488000000.0;14273000000.0;733000000.0;99488000000.0;39500000000.0;1.0;76.63;65.34;109.99;0.0;2006
2005-12-31;USD;208335000000.0;73342000000.0;28671000000.0;93622000000.0;46307000000.0;111186000000.0;6327495622;XOM;energy;157678000000.0;370680000000.0;60727000000.0;14402000000.0;712000000.0;60727000000.0;36130000000.0;1.0;56.17;58.2;109.99;0.0;2005
2024-12-31;KZT;15916491900.0;10839382200.0;1176993000.0;12928056000.0;12828292700.0;2882725600.0;191453451;KSPI;fintech;2985772100.0;4789761300.0;2415014000.0;62508100.0;208150700.0;1897727281.0;1975504100.0;0.0;94.71;0.0;86.17;0.0;2024
2024-12-31;USD;450256000000.0;163711000000.0;23466000000.0;125172000000.0;89122000000.0;325084000000.0;12447000000;GOOGL;communication services;203712000000.0;350018000000.0;112390000000.0;14188000000.0;49326000000.0;120083000000.0;100118000000.0;1.0;189.3;163.88;178.53;0.6;2024
2023-12-31;USD;402392000000.0;171530000000.0;24048000000.0;119013000000.0;81814000000.0;283379000000.0;12722000000;GOOGL;communication services;174062000000.0;307394000000.0;84293000000.0;16425000000.0;45427000000.0;86025000000.0;73795000000.0;1.0;139.69;118.77;178.53;0.0;2023
2022-12-31;USD;365264000000.0;164795000000.0;21879000000.0;109120000000.0;69300000000.0;256144000000.0;13159000000;GOOGL;communication services;156633000000.0;282836000000.0;74842000000.0;15724000000.0;39500000000.0;71685000000.0;59972000000.0;1.0;88.23;1409.56;178.53;0.0;2022
2021-12-31;USD;359268000000.0;188143000000.0;20945000000.0;107633000000.0;64254000000.0;251635000000.0;13553480000;GOOGL;communication services;146698000000.0;257637000000.0;78714000000.0;13510000000.0;31562000000.0;91080000000.0;76033000000.0;1.0;2897.04;2478.11;178.53;0.0;2021
2020-12-31;USD;319616000000.0;174296000000.0;26465000000.0;97072000000.0;56834000000.0;222544000000.0;13740560000;GOOGL;communication services;97795000000.0;182527000000.0;41224000000.0;11052000000.0;27573000000.0;48217000000.0;40269000000.0;1.0;1752.64;1478.88;178.53;0.0;2020
2019-12-31;USD;275909000000.0;152578000000.0;18498000000.0;74467000000.0;45221000000.0;201442000000.0;13971120000;GOOGL;communication services;89961000000.0;161857000000.0;34231000000.0;9551000000.0;26018000000.0;39725000000.0;34343000000.0;1.0;1339.39;1191.66;178.53;0.0;2019
2018-12-31;USD;232792000000.0;135676000000.0;16701000000.0;55164000000.0;34620000000.0;177628000000.0;14066813595;GOOGL;communication services;77270000000.0;136819000000.0;27524000000.0;6923000000.0;21419000000.0;35027000000.0;30736000000.0;1.0;1044.96;1120.65;178.53;0.0;2018
2017-12-31;USD;197295000000.0;124308000000.0;10715000000.0;44793000000.0;24183000000.0;152502000000.0;14068883261;GOOGL;communication services;65272000000.0;110855000000.0;26178000000.0;6840000000.0;16625000000.0;27302000000.0;12662000000.0;1.0;1053.4;939.36;178.53;0.0;2017
2016-12-31;USD;167497000000.0;105408000000.0;12918000000.0;28461000000.0;16756000000.0;139036000000.0;13987786146;GOOGL;communication services;55134000000.0;90272000000.0;23716000000.0;6985000000.0;13948000000.0;24274000000.0;19478000000.0;1.0;792.45;762.43;178.53;0.0;2016
2015-12-31;USD;147461000000.0;90114000000.0;16549000000.0;27130000000.0;19310000000.0;120331000000.0;13858138064;GOOGL;communication services;46825000000.0;74989000000.0;19360000000.0;6136000000.0;12282000000.0;19755000000.0;16348000000.0;1.0;778.01;619.0;178.53;0.0;2015
2014-12-31;USD;131133000000.0;80685000000.0;18347000000.0;26633000000.0;16805000000.0;104500000000.0;13741394503;GOOGL;communication services;40310000000.0;66001000000.0;16496000000.0;5851000000.0;9832000000.0;17360000000.0;14136000000.0;1.0;530.66;714.94;178.53;0.0;2014
2013-12-31;USD;110920000000.0;72886000000.0;18898000000.0;23611000000.0;15908000000.0;87309000000.0;13552354579;GOOGL;communication services;33526000000.0;55519000000.0;15403000000.0;4432000000.0;7137000000.0;15980000000.0;12733000000.0;1.0;1120.71;883.99;178.53;0.0;2013
2012-12-31;USD;93798000000.0;60454000000.0;14778000000.0;22083000000.0;14337000000.0;71715000000.0;13292194683;GOOGL;communication services;28863000000.0;46039000000.0;13834000000.0;3481000000.0;6083000000.0;14554000000.0;10737000000.0;1.0;707.38;642.69;178.53;0.0;2012
2011-12-31;USD;72574000000.0;52758000000.0;9983000000.0;14429000000.0;8913000000.0;58145000000.0;13088554764;GOOGL;communication services;24717000000.0;37905000000.0;11742000000.0;2724000000.0;5162000000.0;12384000000.0;9737000000.0;1.0;645.9;568.98;178.53;0.0;2011
2010-12-31;USD;57851000000.0;41562000000.0;13630000000.0;11610000000.0;9996000000.0;46241000000.0;12930034827;GOOGL;communication services;18904000000.0;29321000000.0;10381000000.0;1962000000.0;3762000000.0;10801000000.0;8505000000.0;1.0;593.97;535.66;178.53;0.0;2010
2009-12-31;USD;40496778000.0;29166958000.0;10197588000.0;4492554000.0;2747467000.0;36004224000.0;12776634889;GOOGL;communication services;14807000000.0;23651000000.0;8312000000.0;1668000000.0;2843000000.0;8381000000.0;6520000000.0;1.0;619.98;438.79;178.53;0.0;2009
2008-12-31;USD;31767575000.0;20178182000.0;8656672000.0;3528713000.0;2302090000.0;28238862000.0;12700554919;GOOGL;communication services;13174000000.0;21796000000.0;6632000000.0;1803000000.0;2793000000.0;6632000000.0;4227000000.0;1.0;307.65;465.32;178.53;0.0;2008
2007-12-31;USD;25335806000.0;17289138000.0;6081593000.0;2646127000.0;2035602000.0;22689679000.0;12648394940;GOOGL;communication services;9944901000.0;16593986000.0;5084400000.0;1279250000.0;2119985000.0;5084400000.0;4203720000.0;1.0;691.48;538.63;178.53;0.0;2007
2006-12-31;USD;18473351000.0;13039847000.0;3544671000.0;1433511000.0;1304587000.0;17039840000.0;12381915047;GOOGL;communication services;6379890000.0;10604917000.0;3549996000.0;751787000.0;1228589000.0;3549996000.0;3077446000.0;1.0;460.48;411.56;178.53;0.0;2006
2005-12-31;USD;10271813000.0;9001071000.0;3877174000.0;852856000.0;745384000.0;9418957000.0;11674955330;GOOGL;communication services;3561472000.0;6138560000.0;2017278000.0;386532000.0;599510000.0;2142453000.0;1465397000.0;1.0;414.86;277.56;178.53;0.0;2005
2024-09-30;USD;364980000000.0;152987000000.0;29943000000.0;308030000000.0;176392000000.0;56950000000.0;15408095000;AAPL;technology;180683000000.0;391035000000.0;123216000000.0;26097000000.0;31370000000.0;123216000000.0;93736000000.0;1.0;233.0;194.52;201.08;0.98;2024
2023-09-30;USD;352583000000.0;143566000000.0;29965000000.0;290437000000.0;145308000000.0;62146000000.0;15812547000;AAPL;technology;169148000000.0;383285000000.0;114301000000.0;24932000000.0;29915000000.0;114301000000.0;96995000000.0;1.0;171.21;161.96;201.08;0.7;2023
2022-09-30;USD;352755000000.0;135405000000.0;23646000000.0;302083000000.0;153982000000.0;50672000000.0;16325819000;AAPL;technology;170782000000.0;394328000000.0;119437000000.0;25094000000.0;26251000000.0;119437000000.0;99803000000.0;1.0;138.2;158.55;201.08;0.9;2022
2021-09-30;USD;351002000000.0;134836000000.0;34940000000.0;287912000000.0;125481000000.0;63090000000.0;16864919000;AAPL;technology;152836000000.0;365817000000.0;108949000000.0;21973000000.0;21914000000.0;111852000000.0;94680000000.0;1.0;141.5;131.3;201.08;0.42;2021
2020-09-30;USD;323888000000.0;143713000000.0;38016000000.0;258549000000.0;105392000000.0;65339000000.0;17528214000;AAPL;technology;104956000000.0;274515000000.0;66288000000.0;19916000000.0;18752000000.0;69964000000.0;57411000000.0;1.0;115.81;295.39;201.08;0.82;2020
2019-09-30;USD;338516000000.0;162819000000.0;48844000000.0;248028000000.0;105718000000.0;90488000000.0;18595652000;AAPL;technology;98392000000.0;260174000000.0;63930000000.0;18245000000.0;16217000000.0;69313000000.0;55256000000.0;1.0;223.97;191.45;201.08;0.0;2019
2018-09-30;USD;365725000000.0;131339000000.0;25913000000.0;258578000000.0;116866000000.0;107147000000.0;20000436000;AAPL;technology;101839000000.0;265595000000.0;70898000000.0;16705000000.0;14236000000.0;76143000000.0;59531000000.0;1.0;225.74;182.36;201.08;0.0;2018
2017-09-30;USD;375319000000.0;128645000000.0;20289000000.0;241272000000.0;100814000000.0;134047000000.0;21006768000;AAPL;technology;88186000000.0;229234000000.0;61344000000.0;15261000000.0;11581000000.0;66412000000.0;48351000000.0;1.0;154.12;136.76;201.08;0.0;2017
2016-09-30;USD;321686000000.0;106869000000.0;20484000000.0;193437000000.0;79006000000.0;128249000000.0;22001124000;AAPL;technology;84263000000.0;215639000000.0;60024000000.0;14194000000.0;10045000000.0;62828000000.0;45687000000.0;1.0;113.05;104.76;201.08;0.0;2016
2015-09-30;USD;290479000000.0;89378000000.0;21120000000.0;171124000000.0;80610000000.0;119355000000.0;23172276000;AAPL;technology;93626000000.0;233715000000.0;71230000000.0;14329000000.0;8067000000.0;72491000000.0;53394000000.0;1.0;109.95;118.67;201.08;0.0;2015
2014-09-30;USD;231839000000.0;68531000000.0;13844000000.0;120292000000.0;63448000000.0;111547000000.0;24490652000;AAPL;technology;70537000000.0;182795000000.0;52503000000.0;11993000000.0;6041000000.0;53921000000.0;39510000000.0;1.0;100.75;404.7;201.08;0.0;2014
2013-09-30;USD;207000000000.0;73286000000.0;14259000000.0;83451000000.0;43658000000.0;123549000000.0;26086536000;AAPL;technology;64304000000.0;170910000000.0;48999000000.0;9730000000.0;4475000000.0;50294000000.0;37037000000.0;1.0;476.75;484.07;201.08;0.0;2013
2012-09-30;USD;176064000000.0;57653000000.0;10746000000.0;57854000000.0;38542000000.0;118210000000.0;26469940000;AAPL;technology;68662000000.0;156508000000.0;55241000000.0;9040000000.0;3381000000.0;55691000000.0;41733000000.0;1.0;667.1;528.34;201.08;0.0;2012
2011-09-30;USD;116371000000.0;44988000000.0;9815000000.0;39756000000.0;27970000000.0;76615000000.0;26226060000;AAPL;technology;44522000000.0;108249000000.0;33790000000.0;7599000000.0;2429000000.0;34183000000.0;25922000000.0;1.0;381.32;343.25;201.08;0.0;2011
2010-09-30;USD;75183000000.0;41678000000.0;11261000000.0;27392000000.0;20722000000.0;47791000000.0;25891936000;AAPL;technology;25684000000.0;65225000000.0;18270000000.0;5517000000.0;1782000000.0;18397000000.0;14013000000.0;1.0;283.75;230.28;201.08;0.0;2010
2009-09-30;USD;53851000000.0;36265000000.0;5263000000.0;26019000000.0;19282000000.0;27832000000.0;25396140000;AAPL;technology;17222000000.0;42905000000.0;11740000000.0;4149000000.0;1333000000.0;11740000000.0;8235000000.0;1.0;185.35;120.44;201.08;0.0;2009
2008-09-30;USD;39572000000.0;34690000000.0;11875000000.0;18542000000.0;14092000000.0;21030000000.0;25259892000;AAPL;technology;11145000000.0;32479000000.0;6275000000.0;3761000000.0;1109000000.0;6808000000.0;4834000000.0;1.0;113.66;163.28;201.08;0.0;2008
2007-09-30;USD;25347000000.0;21956000000.0;9352000000.0;10815000000.0;9299000000.0;14532000000.0;24900176000;AAPL;technology;8154000000.0;24006000000.0;4409000000.0;2963000000.0;782000000.0;4407000000.0;3495000000.0;1.0;153.47;103.85;201.08;0.0;2007
2006-09-30;USD;17205000000.0;14509000000.0;6392000000.0;7221000000.0;6471000000.0;9984000000.0;24570728000;AAPL;technology;5598000000.0;19315000000.0;2453000000.0;2433000000.0;712000000.0;2453000000.0;1989000000.0;1.0;76.98;66.04;201.08;0.0;2006
2005-09-30;USD;11551000000.0;10300000000.0;3491000000.0;4085000000.0;3484000000.0;7466000000.0;23992584000;AAPL;technology;4042000000.0;13931000000.0;1643000000.0;1859000000.0;535000000.0;1643000000.0;1328000000.0;1.0;53.61;50.66;201.08;0.0;2005
2024-12-31;USD;100549000000.0;25997000000.0;10828000000.0;74177000000.0;25249000000.0;24856000000.0;4320000000;KO;food & beverage;28737000000.0;47061000000.0;9992000000.0;286000000.0;0.0;14739000000.0;10631000000.0;1.0;62.26;63.97;70.33;1.94;2024
2023-12-31;USD;97703000000.0;26732000000.0;9366000000.0;70223000000.0;23571000000.0;25941000000.0;4339000000;KO;food & beverage;27234000000.0;45754000000.0;11311000000.0;254000000.0;0.0;14493000000.0;10714000000.0;1.0;58.93;59.9;70.33;1.84;2023
2022-12-31;USD;92763000000.0;22591000000.0;9519000000.0;66937000000.0;19724000000.0;24105000000.0;4350000000;KO;food & beverage;25004000000.0;43004000000.0;10909000000.0;356000000.0;0.0;12547000000.0;9542000000.0;1.0;63.61;61.72;70.33;1.76;2022
2021-12-31;USD;94354000000.0;22545000000.0;9684000000.0;69494000000.0;19950000000.0;22999000000.0;4340000000;KO;food & beverage;23298000000.0;38655000000.0;10308000000.0;337000000.0;0.0;13085000000.0;9771000000.0;1.0;59.21;54.07;70.33;1.26;2021
2020-12-31;USD;87296000000.0;19240000000.0;6795000000.0;66012000000.0;14601000000.0;19299000000.0;4323000000;KO;food & beverage;19581000000.0;33014000000.0;8997000000.0;126000000.0;0.0;11123000000.0;7747000000.0;1.0;54.84;49.98;70.33;0.82;2020
2019-12-31;USD;86381000000.0;20411000000.0;6480000000.0;65283000000.0;26973000000.0;18981000000.0;4314000000;KO;food & beverage;22647000000.0;37266000000.0;10086000000.0;201000000.0;0.0;11680000000.0;8920000000.0;1.0;55.35;50.82;70.33;0.0;2019
2018-12-31;USD;83216000000.0;24930000000.0;9077000000.0;64158000000.0;28782000000.0;16981000000.0;4299000000;KO;food & beverage;21233000000.0;34300000000.0;9152000000.0;225000000.0;0.0;9140000000.0;6434000000.0;1.0;47.35;45.44;70.33;0.0;2018
2017-12-31;USD;87896000000.0;36545000000.0;6006000000.0;68919000000.0;27194000000.0;17072000000.0;4324000000;KO;food & beverage;22154000000.0;35410000000.0;7501000000.0;219000000.0;0.0;7495000000.0;1248000000.0;1.0;45.88;44.32;70.33;0.0;2017
2016-12-31;USD;87270000000.0;34010000000.0;8555000000.0;64050000000.0;26532000000.0;23062000000.0;4367000000;KO;food & beverage;25398000000.0;41863000000.0;8626000000.0;258000000.0;0.0;8820000000.0;6527000000.0;1.0;41.46;43.53;70.33;0.0;2016
2015-12-31;USD;89996000000.0;33395000000.0;7309000000.0;64232000000.0;26929000000.0;25554000000.0;4405000000;KO;food & beverage;26812000000.0;44294000000.0;8728000000.0;236000000.0;0.0;10447000000.0;7351000000.0;1.0;42.96;41.23;70.33;0.0;2015
2014-12-31;USD;92023000000.0;32986000000.0;8958000000.0;61462000000.0;32374000000.0;30320000000.0;4450000000;KO;food & beverage;28109000000.0;45998000000.0;9708000000.0;209000000.0;0.0;9837000000.0;7098000000.0;1.0;42.22;40.86;70.33;0.0;2014
2013-12-31;USD;90055000000.0;31304000000.0;10414000000.0;56615000000.0;27811000000.0;33173000000.0;4509000000;KO;food & beverage;28433000000.0;46854000000.0;10228000000.0;227000000.0;0.0;11916000000.0;8584000000.0;1.0;41.31;39.66;70.33;0.0;2013
2012-12-31;USD;86174000000.0;30328000000.0;8442000000.0;53006000000.0;27821000000.0;32790000000.0;4584000000;KO;food & beverage;28964000000.0;48017000000.0;10779000000.0;259000000.0;0.0;12241000000.0;9019000000.0;1.0;36.25;59.55;70.33;0.0;2012
2011-12-31;USD;79974000000.0;25497000000.0;12803000000.0;48053000000.0;24283000000.0;31635000000.0;4646000000;KO;food & beverage;28326000000.0;46542000000.0;10154000000.0;17440000000.0;0.0;11872000000.0;8572000000.0;1.0;69.97;66.66;70.33;0.0;2011
2010-12-31;USD;72921000000.0;21579000000.0;8517000000.0;41604000000.0;18508000000.0;31003000000.0;4666000000;KO;food & beverage;22426000000.0;35119000000.0;8449000000.0;13158000000.0;0.0;14857000000.0;11809000000.0;1.0;65.77;56.51;70.33;0.0;2010
2009-12-31;USD;48671000000.0;17551000000.0;9151000000.0;23325000000.0;13721000000.0;24799000000.0;4658000000;KO;food & beverage;19902000000.0;30990000000.0;8231000000.0;11358000000.0;0.0;9295000000.0;6824000000.0;1.0;57.0;48.77;70.33;0.0;2009
2008-12-31;USD;40519000000.0;12176000000.0;4701000000.0;20047000000.0;12988000000.0;20472000000.0;4672000000;KO;food & beverage;20570000000.0;31944000000.0;8446000000.0;11774000000.0;0.0;7885000000.0;5807000000.0;1.0;45.27;53.79;70.33;0.0;2008
2007-12-31;USD;43269000000.0;12105000000.0;4093000000.0;21525000000.0;13225000000.0;21744000000.0;4662000000;KO;food & beverage;18451000000.0;28857000000.0;7252000000.0;11199000000.0;0.0;8329000000.0;5981000000.0;1.0;61.37;53.77;70.33;0.0;2007
2006-12-31;USD;29963000000.0;8441000000.0;2440000000.0;13043000000.0;8890000000.0;16920000000.0;4700000000;KO;food & beverage;15924000000.0;24088000000.0;6308000000.0;9616000000.0;0.0;6308000000.0;5080000000.0;1.0;48.25;43.87;70.33;0.0;2006
2005-12-31;USD;29427000000.0;10250000000.0;4701000000.0;13072000000.0;9836000000.0;16355000000.0;4786000000;KO;food & beverage;14909000000.0;23104000000.0;6085000000.0;8824000000.0;0.0;6085000000.0;4872000000.0;1.0;40.31;42.74;70.33;0.0;2005
2024-12-31;USD;99467000000.0;25826000000.0;8505000000.0;81296000000.0;31536000000.0;18041000000.0;1378000000;PEP;food & beverage;50110000000.0;91854000000.0;12887000000.0;37190000000.0;804000000.0;12865000000.0;9578000000.0;1.0;152.06;169.08;131.04;5.24;2024
2023-12-31;USD;100495000000.0;26950000000.0;9711000000.0;81858000000.0;31647000000.0;18503000000.0;1383000000;PEP;food & beverage;49590000000.0;91471000000.0;11986000000.0;14192000000.0;804000000.0;12236000000.0;9074000000.0;1.0;169.84;177.22;131.04;4.83;2023
2022-12-31;USD;92187000000.0;21539000000.0;4954000000.0;74914000000.0;26785000000.0;17149000000.0;1387000000;PEP;food & beverage;45816000000.0;86392000000.0;11512000000.0;13285000000.0;771000000.0;11644000000.0;8910000000.0;1.0;180.66;171.79;131.04;4.45;2022
2021-12-31;USD;92377000000.0;21783000000.0;5596000000.0;76226000000.0;26220000000.0;16043000000.0;1389000000;PEP;food & beverage;42399000000.0;79474000000.0;11162000000.0;11537000000.0;752000000.0;11684000000.0;7618000000.0;1.0;173.71;150.35;131.04;3.12;2021
2020-12-31;USD;92918000000.0;23001000000.0;8185000000.0;79366000000.0;23372000000.0;13454000000.0;1392000000;PEP;food & beverage;38575000000.0;70372000000.0;10080000000.0;11995000000.0;719000000.0;10197000000.0;7120000000.0;1.0;148.3;136.33;131.04;1.02;2020
2019-12-31;USD;78547000000.0;17645000000.0;5509000000.0;63679000000.0;20461000000.0;14786000000.0;1407000000;PEP;food & beverage;37029000000.0;67161000000.0;10291000000.0;11138000000.0;711000000.0;10247000000.0;7314000000.0;1.0;136.67;127.94;131.04;0.0;2019
2018-12-31;USD;77648000000.0;21893000000.0;8721000000.0;63046000000.0;22138000000.0;14518000000.0;1425000000;PEP;food & beverage;35280000000.0;64661000000.0;10110000000.0;24137000000.0;680000000.0;10408000000.0;12515000000.0;1.0;110.48;110.75;131.04;0.0;2018
2017-12-31;USD;79804000000.0;31027000000.0;10610000000.0;68823000000.0;20502000000.0;10889000000.0;1438000000;PEP;food & beverage;34729000000.0;63525000000.0;10276000000.0;23502000000.0;737000000.0;10753000000.0;4857000000.0;1.0;119.92;112.94;131.04;0.0;2017
2016-12-31;USD;73490000000.0;26450000000.0;9158000000.0;62291000000.0;21135000000.0;11095000000.0;1452000000;PEP;food & beverage;34577000000.0;62799000000.0;9804000000.0;24735000000.0;760000000.0;9895000000.0;6329000000.0;1.0;104.63;103.6;131.04;0.0;2016
2015-12-31;USD;69667000000.0;23031000000.0;9096000000.0;57637000000.0;17578000000.0;11923000000.0;1485000000;PEP;food & beverage;34325000000.0;63056000000.0;8353000000.0;23568000000.0;754000000.0;8412000000.0;5452000000.0;1.0;99.92;96.78;131.04;0.0;2015
2014-12-31;USD;70509000000.0;20663000000.0;6134000000.0;52961000000.0;18092000000.0;17438000000.0;1527000000;PEP;food & beverage;35445000000.0;66683000000.0;9581000000.0;24636000000.0;718000000.0;9666000000.0;6513000000.0;1.0;94.56;88.73;131.04;0.0;2014
2013-12-31;USD;77478000000.0;22203000000.0;9375000000.0;53089000000.0;17839000000.0;24279000000.0;1560000000;PEP;food & beverage;35172000000.0;66415000000.0;9705000000.0;24417000000.0;665000000.0;9802000000.0;6740000000.0;1.0;82.94;80.3;131.04;0.0;2013
2012-12-31;USD;74638000000.0;18720000000.0;6297000000.0;52239000000.0;17089000000.0;22294000000.0;1575000000;PEP;food & beverage;34201000000.0;65492000000.0;9112000000.0;24675000000.0;552000000.0;9203000000.0;6178000000.0;1.0;68.43;68.33;131.04;0.0;2012
2011-12-31;USD;72882000000.0;17441000000.0;4067000000.0;51983000000.0;18154000000.0;20588000000.0;1597000000;PEP;food & beverage;34911000000.0;66504000000.0;9633000000.0;25145000000.0;525000000.0;9690000000.0;6443000000.0;1.0;66.35;65.23;131.04;0.0;2011
2010-12-31;USD;68153000000.0;17569000000.0;5943000000.0;46677000000.0;15892000000.0;21164000000.0;1614000000;PEP;food & beverage;31263000000.0;57838000000.0;8332000000.0;22326000000.0;488000000.0;9135000000.0;6320000000.0;1.0;65.33;64.34;131.04;0.0;2010
2009-12-31;USD;39848000000.0;12571000000.0;3943000000.0;22406000000.0;8756000000.0;16804000000.0;1577000000;PEP;food & beverage;23133000000.0;43232000000.0;8044000000.0;14612000000.0;414000000.0;8476000000.0;5946000000.0;1.0;60.8;55.42;131.04;0.0;2009
2008-12-31;USD;35994000000.0;10806000000.0;2064000000.0;23412000000.0;8787000000.0;12106000000.0;1602000000;PEP;food & beverage;22900000000.0;43251000000.0;6959000000.0;15537000000.0;364000000.0;7374000000.0;5142000000.0;1.0;54.77;65.94;131.04;0.0;2008
2007-12-31;USD;34628000000.0;10151000000.0;910000000.0;17394000000.0;7753000000.0;17234000000.0;1658000000;PEP;food & beverage;21436000000.0;39474000000.0;7170000000.0;14208000000.0;364000000.0;7855000000.0;5658000000.0;1.0;75.9;68.29;131.04;0.0;2007
2006-12-31;USD;29930000000.0;9130000000.0;1651000000.0;14483000000.0;6860000000.0;15447000000.0;1687000000;PEP;food & beverage;19375000000.0;35137000000.0;6502000000.0;12774000000.0;344000000.0;7228000000.0;5642000000.0;1.0;62.55;61.08;131.04;0.0;2006
2005-12-31;USD;31727000000.0;10454000000.0;1716000000.0;17407000000.0;9406000000.0;14320000000.0;1705439331;PEP;food & beverage;18386000000.0;32562000000.0;5922000000.0;12314000000.0;344000000.0;5922000000.0;4078000000.0;1.0;59.08;55.55;131.04;0.0;2005
2024-12-31;USD;276054000000.0;100045000000.0;43889000000.0;93417000000.0;33596000000.0;182637000000.0;2614000000;META;communication services;134340000000.0;164501000000.0;69380000000.0;9740000000.0;43873000000.0;71378000000.0;62360000000.0;1.0;585.51;509.31;733.63;2.0;2024
2023-12-31;USD;229623000000.0;85365000000.0;41862000000.0;76455000000.0;31960000000.0;153168000000.0;2629000000;META;communication services;108943000000.0;134902000000.0;46751000000.0;11408000000.0;38483000000.0;46751000000.0;39098000000.0;1.0;353.96;260.92;733.63;0.0;2023
2022-12-31;USD;185727000000.0;59549000000.0;14681000000.0;60014000000.0;27026000000.0;125713000000.0;2702000000;META;communication services;91360000000.0;116609000000.0;28944000000.0;11816000000.0;35338000000.0;28944000000.0;23200000000.0;1.0;120.34;180.75;733.63;0.0;2022
2021-12-31;USD;165987000000.0;66666000000.0;16601000000.0;41108000000.0;21135000000.0;124879000000.0;2859000000;META;communication services;95280000000.0;117929000000.0;46753000000.0;9829000000.0;24655000000.0;46753000000.0;39370000000.0;1.0;336.35;320.78;733.63;0.0;2021
2020-12-31;USD;159316000000.0;75670000000.0;17576000000.0;31026000000.0;14981000000.0;128290000000.0;2888000000;META;communication services;69273000000.0;85965000000.0;32671000000.0;6564000000.0;18447000000.0;32671000000.0;29146000000.0;1.0;273.16;234.43;733.63;0.0;2020
2019-12-31;USD;133376000000.0;66225000000.0;19079000000.0;32322000000.0;15053000000.0;101054000000.0;2876000000;META;communication services;57927000000.0;70697000000.0;23986000000.0;10465000000.0;13600000000.0;23986000000.0;18485000000.0;1.0;205.25;181.56;733.63;0.0;2019
2018-12-31;USD;97334000000.0;50480000000.0;10019000000.0;13207000000.0;7017000000.0;84127000000.0;2921000000;META;communication services;46483000000.0;55838000000.0;24913000000.0;3451000000.0;10273000000.0;24913000000.0;22112000000.0;1.0;131.09;171.14;733.63;0.0;2018
2017-12-31;USD;84524000000.0;48563000000.0;8079000000.0;10177000000.0;3760000000.0;74347000000.0;2956000000;META;communication services;35199000000.0;40653000000.0;20203000000.0;2517000000.0;7754000000.0;20203000000.0;15934000000.0;1.0;176.46;156.39;733.63;0.0;2017
2016-12-31;USD;64961000000.0;34401000000.0;8903000000.0;5767000000.0;2875000000.0;59194000000.0;2925000000;META;communication services;23849000000.0;27638000000.0;12427000000.0;1731000000.0;5919000000.0;12427000000.0;10217000000.0;1.0;115.05;116.86;733.63;0.0;2016
2015-12-31;USD;49407000000.0;21652000000.0;4907000000.0;5189000000.0;1925000000.0;44218000000.0;2853000000;META;communication services;15061000000.0;17928000000.0;6225000000.0;1295000000.0;4816000000.0;6225000000.0;3688000000.0;1.0;104.66;88.62;733.63;0.0;2015
2014-12-31;USD;40184000000.0;13670000000.0;4315000000.0;4088000000.0;1424000000.0;36096000000.0;2664000000;META;communication services;10313000000.0;12466000000.0;4994000000.0;973000000.0;2666000000.0;4994000000.0;2940000000.0;1.0;78.02;68.65;733.63;0.0;2014
2013-12-31;USD;17895000000.0;13070000000.0;3323000000.0;2425000000.0;1100000000.0;15470000000.0;2517000000;META;communication services;5997000000.0;7872000000.0;2804000000.0;781000000.0;1415000000.0;2804000000.0;1500000000.0;1.0;54.65;35.48;733.63;0.0;2013
2012-12-31;USD;15103000000.0;11267000000.0;2384000000.0;3348000000.0;1052000000.0;11755000000.0;2166000000;META;communication services;3725000000.0;5089000000.0;538000000.0;892000000.0;1399000000.0;538000000.0;53000000.0;1.0;26.62;0.0;733.63;0.0;2012
